3334 4914
287 367 351 430 676
759 354 956 409 Ambrosii

285 556 507 639 inquinabo
532 553 656 616 illos?
681 553 809 614 ueretur
833 547 926 624 enim,
950 567 987 611 ue
1011 548 1127 612 iterum
1150 547 1183 610 in
1206 547 1431 628 temptationes

285 665 440 746 resurgat,
474 679 511 724 ne
543 659 661 723 iterum
693 657 725 720 in
758 656 886 738 culpam
919 654 1026 718 redeat
1064 655 1159 735 atque
1196 657 1363 737 peceatum
1402 657 1433 717 et

285 787 432 854 egressus
452 785 529 831 suos
552 765 774 846 uirtutumque
793 778 963 844 processus
982 761 1114 824 terrenis
1133 760 1266 842 incipiat
1284 761 1431 844 uestigiis

284 876 457 959 inquinare.
491 876 574 937 certe
604 871 700 935 etiam
728 870 788 934 hoe
816 867 909 934 modo
937 867 1161 952 perfectionem
1191 867 1323 931 uirtutis
1356 886 1431 932 suae
1501 874 1522 929 c

284 981 413 1056 iudicat,
447 997 527 1060 quae
559 978 681 1040 tantam
714 973 834 1039 Christi
865 973 983 1037 meruit
1014 973 1189 1052 caritatem,
1222 975 1259 1036 ut
1291 972 1330 1037 ad
1363 993 1430 1037 eam
1462 995 1475 1034 ι

286 1087 394 1152 ueniat
426 1089 457 1150 et
490 1085 598 1168 pulset
628 1082 756 1146 ianuam
784 1081 852 1145 eius
880 1085 912 1144 et
940 1079 1048 1144 ueniat
1076 1098 1149 1144 eum
1176 1082 1264 1162 patre
1288 1083 1320 1144 et
1343 1084 1432 1146 cenet

286 1214 358 1258 eum
388 1192 497 1258 eadem
525 1189 630 1254 anima
659 1191 691 1253 et
713 1188 784 1271 ipsa
808 1205 881 1250 curn
905 1204 952 1262 eo,
977 1185 1062 1250 sicut
1084 1185 1116 1249 in
1139 1186 1332 1270 Apocalypsi
1356 1186 1433 1250 dixit

284 1301 450 1364 lohannes.
477 1297 593 1362 etenim
618 1314 691 1359 cum
714 1295 746 1358 in
771 1292 988 1376 superioribus
1013 1291 1167 1356 audisset:
1198 1292 1291 1356 ades
1315 1293 1390 1357 huo
1415 1312 1432 1355 a

285 1406 449 1482 Libano,
475 1421 635 1486 sponsa,
660 1399 855 1464 adeshnc
880 1398 1071 1462 aLibene
1096 1401 1225 1462 etcum
1253 1398 1433 1464 aduerteret

285 1513 316 1576 in
351 1530 440 1576 carne
474 1529 508 1574 se
538 1508 663 1575 Christo
697 1506 809 1570 adesse
842 1525 903 1571 non
935 1523 1040 1587 posse,
1070 1505 1127 1569 sed
1154 1509 1230 1570 tunc
1258 1505 1379 1584 adesse,
1403 1508 1430 1570 si
1451 1530 1475 1566 ro

286 1618 413 1684 adesset
435 1617 467 1680 in
493 1616 617 1698 spiritu,
642 1614 841 1679 conformans
862 1631 895 1676 se
915 1610 954 1676 ad
974 1611 1042 1675 eins
1062 1611 1271 1692 uoluntatem,
1291 1616 1327 1677 ut
1346 1617 1431 1678 esset

286 1728 318 1788 et
349 1725 419 1807 ipsa
452 1721 620 1788 caniformis
652 1718 801 1814 imaginis
835 1717 963 1796 Christi,
1001 1718 1063 1782 iam
1096 1737 1157 1783 non
1194 1718 1291 1784 sentit
1329 1721 1430 1784 carnis
1495 1727 1519 1779 ir

286 1830 425 1908 exuuias,
458 1830 521 1894 iam
556 1827 644 1911 quasi
677 1827 809 1909 spiritns
843 1825 928 1889 eruit
961 1843 994 1888 se
1028 1825 1166 1907 corporis
1200 1826 1429 1902 coniunctione,

284 1938 348 2001 iam
378 1936 469 2020 quasi
497 1935 597 2000 oblita
625 1937 657 1998 et
686 1952 775 2015 quae,
805 1933 832 1996 si
860 1931 950 2009 uelit,
979 1933 1112 2014 copulae
1135 1931 1224 1996 illins
1248 1933 1429 1998 meminisse

285 2062 346 2107 non
365 2042 480 2125 possit,
501 2042 560 2106 ait:
585 2040 673 2106 exui
697 2039 877 2103 tunicam
901 2057 1034 2114 meam,
1055 2038 1249 2119 quomodo
1268 2039 1429 2104 induam
1449 2065 1475 2104 ιι

286 2149 393 2215 eam?
422 2148 508 2212 eruit
535 2147 619 2211 enim
645 2146 787 2211 tunicam
815 2145 903 2209 illam
929 2144 1099 2228 pelliciam,
1124 2163 1219 2229 quarn
1242 2151 1430 2228 acceperunt

284 2256 386 2320 Adam
421 2256 453 2317 et
485 2253 553 2316 Eua
584 2255 658 2334 post
690 2253 828 2335 culpam,
865 2251 1005 2315 tunicam
1045 2250 1251 2332 corruptelae,
1289 2251 1428 2315 tunicam

283 2361 480 2444 passionum.
515 2360 712 2440 quomodo
746 2359 909 2424 induam
943 2361 1050 2422 eam?
1083 2376 1142 2422 nou
1171 2358 1303 2438 requirit
1326 2362 1362 2422 ut
1384 2359 1428 2422 in·

284 2469 370 2545 duat,
409 2466 466 2530 sed
501 2466 546 2530 ita
583 2465 742 2549 significat
779 2465 945 2540 abiectam,
983 2467 1020 2529 ut
1055 2463 1119 2528 iam
1150 2465 1334 2530 indumento
1368 2465 1429 2530 sibi

283 2593 354 2638 esse
390 2592 451 2637 nou
489 2572 603 2656 possit.
640 2573 726 2636 laui
761 2572 885 2655 pedes
918 2590 1037 2648 meos,
1072 2570 1267 2653 quomodo
1300 2571 1475 2655 inqui-ao

283 2682 383 2746 nabo
417 2683 508 2745 eos?
541 2679 602 2744 hoc
634 2683 697 2744 est:
731 2679 870 2762 uestigia
898 2678 1071 2754 mesiam,
1101 2678 1177 2741 dum
1206 2678 1369 2761 egrederer
1392 2699 1426 2743 ac
1495 2683 1518 2737 Ε

283 2806 333 2851 me
366 2786 523 2851 eleuarem
554 2785 591 2849 de
625 2785 764 2868 corporis
799 2783 1015 2862 contubernio,
1049 2784 1087 2848 de
1114 2783 1171 2848 illa
1199 2784 1367 2850 conexione
1396 2789 1427 2850 et

282 2892 497 2957 familiaritate
528 2892 661 2956 carnalis
691 2892 864 2974 amplexus,
889 2891 1047 2974 quomodo
1070 2889 1242 2971 inquinabo
1267 2910 1312 2967 ea,
1336 2891 1427 2957 utin

372 3080 491 3151 5Apoe.
511 3082 535 3143 3,
555 3081 590 3136 20
651 3079 845 3143 suarinas
917 3081 1042 3134 ransom.
1063 3079 1142 3145 1129
1212 3083 1243 3135 16
1264 3080 1330 3136 Gen.
1350 3083 1375 3142 3,
1395 3083 1426 3136 21

320 3186 333 3239 l
354 3185 531 3254 inquinabulo
551 3186 578 3238 A
632 3185 693 3239 illos
712 3186 754 3255 (in
773 3187 841 3248 ras.)
861 3185 887 3237 V
904 3201 949 3238 eos
967 3184 1005 3238 N*
1061 3186 1077 3238 2
1097 3186 1175 3254 culpa
1189 3186 1217 3238 P
1233 3192 1259 3240 et
1278 3191 1319 3252 (a
1333 3190 1429 3254 m3)dl

283 3275 299 3328 3
320 3290 443 3342 egressus
458 3273 491 3329 u‘
512 3278 537 3339 (e
551 3290 596 3342 pr.
618 3290 698 3336 crue,
717 3291 748 3327 us
768 3291 801 3327 ex
820 3280 861 3340 os)
880 3273 906 3326 T
924 3277 949 3338 (e
963 3291 1008 3342 pr.
1029 3275 1110 3343 cros.)
1129 3292 1238 3344 gressus
1251 3277 1282 3329 E
1315 3277 1427 3330 Aeliam

282 3379 303 3416 s.
322 3378 349 3416 c.
373 3363 404 3426 T,
420 3361 583 3431 postmodo
602 3363 762 3430 transponit
784 3362 807 3416 G
878 3365 894 3416 5
912 3362 1036 3432 indigeat
1055 3364 1082 3415 A
1101 3363 1124 3432 (l
1143 3366 1187 3417 cat
1204 3381 1226 3418 a.
1246 3368 1311 3433 geat
1328 3369 1384 3430 m2)
1403 3366 1431 3418 P

284 3455 308 3516 (c
326 3466 347 3503 a.
362 3455 409 3518 ge)
434 3450 482 3508 Vu
502 3456 527 3503 et
545 3451 625 3519 (corr.
645 3454 701 3514 m2)
720 3452 752 3508 11
865 3451 965 3504 meruit
982 3453 1005 3522 (l
1025 3452 1077 3504 erit
1095 3455 1142 3505 rn2
1159 3467 1180 3508 s.
1201 3453 1234 3523 it)
1253 3454 1280 3506 A
1302 3455 1429 3508 meruerit

286 3525 395 3592 Virri]
448 3539 693 3609 'lapocalipsinA
713 3544 741 3605 (n
761 3540 826 3594 add.
846 3543 902 3608 m2)
924 3541 1073 3610 apocalipsi
1092 3541 1216 3598 ledF‘E
1268 3542 1429 3598 Siohaunes

283 3629 422 3698 apostolus
442 3629 469 3681 A
490 3629 561 3698 (epla
579 3645 601 3682 s.
620 3646 647 3682 ec.
667 3632 724 3696 m2)
749 3629 798 3682 Tc
851 3629 937 3684 adbuc
956 3630 983 3682 A
1003 3629 1049 3698 (ad
1068 3647 1127 3698 exp.
1146 3631 1203 3695 m2)
1218 3631 1246 3684 P
1299 3633 1315 3685 9
1331 3648 1429 3701 sponsa

282 3732 303 3769 a.
314 3733 342 3769 u.
354 3719 416 3781 (cor.
430 3716 571 3770 altadas.
585 3760 589 3770 .
602 3759 608 3773 .
619 3717 733 3783 Libano)
747 3719 771 3772 T
822 3735 918 3787 sponsa
931 3761 936 3772 .
949 3762 954 3775 .
968 3762 972 3771 .
984 3719 1086 3771 Libano
1097 3736 1149 3772 em.
1164 3719 1244 3772 VNO
1280 3720 1313 3774 10
1329 3719 1429 3774 Christi

281 3805 348 3861 tter
373 3805 453 3874 (corr.
473 3807 530 3872 m2)
549 3806 582 3862 tI'
657 3806 687 3859 11
715 3806 873 3860 confirmans
893 3809 919 3860 A
945 3808 968 3872 (l
986 3806 1028 3860 for
1047 3812 1094 3860 m2
1110 3825 1131 3862 a.
1152 3808 1194 3873 fir)
1213 3808 1241 3861 P
1313 3810 1346 3862 12
1366 3826 1429 3863 cou-

281 3891 375 3945 formis
396 3893 417 3960 (1
436 3909 468 3946 ex
487 3898 512 3959 e)
532 3893 560 3946 P
629 3894 743 3962 imagini
761 3893 825 3948 1³¹0
877 3897 910 3949 13
930 3896 1004 3949 exuit
1022 3896 1046 3965 (l
1065 3912 1113 3949 eus
1131 3900 1179 3949 2122
1196 3914 1217 3950 s.
1237 3897 1271 3962 it)
1286 3898 1313 3950 A
1332 3914 1430 3952 exuens

286 3980 393 4034 VNTO
481 3982 696 4044 coniunctionem
718 3985 745 4037 A
768 3985 959 4038 coniunctione
978 3984 1005 4036 P
1097 3986 1130 4037 14
1149 4002 1201 4056 quq
1223 3987 1245 4040 si
1266 3986 1290 4051 (l
1310 3988 1388 4056 quasi
1407 4003 1429 4041 s·

281 4069 338 4136 m2)
357 4070 384 4122 A
449 4071 483 4125 15
503 4070 577 4125 eruit
595 4073 619 4134 (t
638 4072 719 4142 eras.)
738 4073 765 4125 A
831 4074 863 4126 18
883 4073 951 4142 eam]
972 4073 1046 4126 illam
1069 4073 1119 4126 Tc
1186 4076 1217 4128 19
1237 4074 1343 4129 abiecta
1362 4077 1385 4143 (1
1404 4094 1431 4130 ιιι

281 4173 302 4209 a.
323 4157 388 4211 cdd.
408 4161 464 4224 m2)
485 4159 512 4211 A
577 4160 612 4214 20
630 4166 724 4229 posset
747 4161 899 4218 Vertere
916 4167 940 4215 et
961 4162 980 4229 (1
998 4179 1018 4215 a.
1041 4163 1066 4232 e)
1090 4163 1114 4215 T
1166 4164 1199 4217 21
1221 4165 1277 4233 eos]
1298 4164 1360 4218 illos
1383 4166 1432 4220 Tc

281 4245 316 4298 23
337 4251 369 4298 ee
388 4246 708 4318 (lae.arrr2)Aeos
728 4249 765 4301 N‘
