3322 4914
302 312 390 376 XXX
761 311 982 366 Praefatio.

302 507 417 584 nimus,
450 504 625 587 expositam
658 504 766 568 habes.
806 503 918 568 deinde
951 525 1162 572 commemoro
1195 509 1254 572 hoc
1292 509 1447 592 opusculo

302 613 451 676 nontam
475 610 671 694 patriarchae
695 610 860 675 historiam
887 613 1021 676 enarrari
1043 651 1086 659 —
1110 633 1183 677 nam
1207 634 1244 678 ea
1265 615 1298 678 in
1323 617 1447 682 exordio

302 722 425 783 tantum
464 736 500 782 ac
537 721 650 800 postea
684 718 796 800 paucis
833 719 914 784 locis
947 720 1088 804 tangitur
1119 758 1163 768 -—
1195 741 1289 803 quam
1327 722 1449 788 Cantici

302 824 592 908 interpretationem
624 823 765 906 proponi.
803 828 897 908 atque
931 825 976 890 eis
1004 826 1095 905 loeis,
1124 827 1239 908 quibus
1272 830 1448 895 secundum

304 931 453 995 Genesim
487 930 556 994 uita
589 932 621 994 et
651 949 702 994 res
735 934 844 1014 gestae
876 933 966 996 Isaac
999 933 1203 1015 explicantur,
1232 935 1448 1018 compluribus

302 1037 393 1115 locis,
414 1056 493 1120 quos
517 1035 596 1100 infra
616 1037 771 1121 congessi,
783 1036 808 1120 1)
828 1037 970 1102 Philonis
995 1039 1092 1104 libros
1117 1040 1147 1104 in
1172 1060 1237 1105 rem
1262 1061 1354 1105 suam
1377 1061 1450 1108 cou-

303 1143 410 1208 nert't.
449 1142 534 1224 quod
562 1145 667 1206 autem
697 1143 736 1208 ad
761 1142 882 1208 Cantici
906 1145 1196 1227 interpretationem
1221 1145 1351 1226 adtinet,
1374 1152 1450 1214 nota

304 1269 341 1315 ac
372 1251 563 1334 peruulgata
594 1268 644 1313 res
673 1254 723 1315 est
744 1249 948 1314 Ambrosium
976 1251 1037 1316 hoc
1064 1271 1189 1316 carmen
1213 1253 1449 1320 studiosissime

303 1356 514 1434 lectitauisse,
538 1351 569 1420 in
599 1357 746 1421 omnibns
773 1356 839 1422 fere
868 1375 948 1439 quos
976 1359 1165 1439 conscripsit
1191 1359 1281 1425 libris
1305 1359 1449 1445 singulos

214 1526 219 1530 .
305 1483 340 1528 ex
374 1483 409 1529 eo
443 1462 531 1529 locos
564 1463 730 1542 adtulisse,
764 1464 898 1546 denique
931 1484 1167 1546 nonnumquam
1201 1465 1229 1530 ei
1261 1467 1449 1532 illustrando

219 1613 222 1621 ·
304 1571 497 1655 peculiarem
526 1589 652 1653 operam
679 1569 881 1653 impendisse.
920 1590 981 1654 qua
1010 1571 1048 1637 de
1071 1591 1103 1636 re
1127 1572 1205 1638 satis
1230 1573 1289 1637 erit
1310 1574 1449 1640 lecturos

305 1678 344 1742 ad
376 1677 604 1758 expositionem
636 1676 753 1759 psalmi
786 1676 918 1742 CXVIII
951 1681 982 1742 st
1013 1678 1131 1742 librum
1165 1679 1202 1743 de
1235 1681 1449 1745 consolatione

304 1783 518 1849 Ualentiuiani
541 1783 698 1866 delegare.
722 1803 824 1866 neque
849 1803 1016 1866 quemnam
1040 1783 1072 1848 in
1096 1804 1132 1849 ea
1150 1805 1183 1849 re
1202 1785 1450 1850 administranda

304 1895 466 1973 tamquam
491 1891 604 1954 ducem
628 1893 757 1954 secutus
782 1890 825 1956 sit
847 1889 1039 1974 ignoramus.
1072 1891 1188 1954 etenim
1213 1891 1359 1976 Origcnis
1382 1892 1449 1956 sine

306 1996 402 2061 dubio
426 1996 572 2079 uestigiis
594 1996 758 2080 ingressus
782 2000 841 2073 est,
866 1997 958 2062 cuius
983 1997 1197 2081 amplissimos
1227 1997 1259 2062 in
1284 1997 1450 2064 Canticum

306 2102 549 2167 commentarios
581 2103 794 2185 Hieronymus
827 2104 858 2167 in
892 2103 1030 2186 epistula
1061 2104 1100 2168 ad
1132 2105 1306 2170 Damasum
1335 2124 1450 2187 papam

307 2209 404 2292 (Patr.
434 2207 488 2274 Gr.
512 2208 591 2273 XIII
614 2209 656 2271 35
675 2207 741 2293 Μ.)
770 2209 867 2274 tantis
899 2209 1048 2274 laudibus
1082 2211 1263 2276 celebrauit.
1302 2210 1334 2274 id
1367 2210 1452 2292 quod

301 2316 365 2380 iam
394 2335 429 2378 ex
458 2333 493 2379 eo
524 2315 695 2398 suspiceris
725 2315 809 2398 quod
838 2316 1043 2382 Ambrosium
1074 2317 1106 2381 in
1140 2317 1335 2399 expositione
1366 2317 1449 2399 psal-

302 2423 347 2485 mi
380 2421 513 2486 CXVIII
546 2418 691 2504 Origenis
725 2420 969 2486 commentarios
1002 2422 1034 2485 in
1068 2423 1152 2486 hunc
1184 2422 1344 2506 psalmum
1379 2423 1449 2488 ‹iili-

304 2530 414 2611 genter
449 2527 625 2611 respexisse
664 2529 863 2610 compertum
900 2527 1098 2612 habemus.²)
1136 2517 1211 2611 qui'd
1247 2529 1347 2612 igitur
1382 2529 1450 2594 ueri

307 2635 443 2700 similius
468 2654 563 2718 quam
586 2634 618 2697 in
641 2633 707 2697 illis
728 2633 933 2716 expositionis
952 2634 1107 2716 partibus,
1127 2653 1206 2717 quae
1226 2634 1264 2697 ad
1286 2634 1451 2700 Canticum

303 2741 574 2823 interpretandum
597 2740 764 2822 pertinent,
790 2738 936 2824 Origenis
959 2741 991 2804 in
1019 2738 1079 2805 hoc
1108 2760 1232 2805 carmen
1260 2745 1451 2806 commenta·

303 2848 366 2912 rios
397 2867 469 2912 eum
497 2850 644 2912 secutum
673 2851 763 2912 esse?
792 2847 872 2911 adde
897 2847 981 2930 quod
1006 2848 1250 2912 etiamnunc-
1273 2867 1345 2911 nam
1370 2867 1449 2930 opus

303 2955 409 3037 ipsum
435 2953 581 3038 Origenis
605 2954 644 3018 ad
667 2956 807 3018 nostram
831 2953 1016 3019 memoriam
1040 2973 1101 3018 non
1124 2953 1330 3035 peruenit-
1347 2954 1379 3018 in
1404 2955 1449 3018 eis

305 3079 385 3142 quae
417 3060 551 3125 Rufinus
582 3060 680 3124 latine
717 3059 865 3138 reddidit,
878 3057 903 3142 8)
940 3060 972 3124 in
1011 3060 1164 3142 excerptis
1197 3060 1448 3146 Procopianis,⁴)

304 3166 437 3249 (lenique
460 3167 492 3232 in
516 3167 639 3232 duabus
660 3166 804 3250 Origenis
828 3167 860 3231 in
881 3166 1047 3232 Canticum
1071 3165 1221 3244 homiliis,
1242 3185 1321 3249 quas
1341 3166 1451 3232 Hiero·

304 3292 428 3356 aymus,
457 3273 511 3355 qui
540 3293 592 3338 eas
620 3275 653 3338 in
681 3292 857 3338 sermonem
879 3273 1027 3338 Latinum
1055 3271 1229 3349 transtulit,
1259 3272 1290 3335 in
1319 3272 1451 3355 prologo

306 3380 343 3444 ab
367 3380 423 3445 illo
447 3380 480 3444 in
503 3399 622 3446 morem
647 3379 796 3445 cotidiani
821 3380 940 3461 eloquii
961 3377 1105 3463 paruulis
1129 3378 1233 3442 adhuc
1259 3378 1452 3442 lactantibus

351 3588 371 3657 1)
391 3588 424 3643 cf.
444 3590 506 3656 643,
525 3590 541 3642 6
561 3589 604 3656 ((16
623 3588 716 3643 mundi
735 3588 822 3658 opit),
837 3587 898 3651 642,
914 3589 930 3641 5
948 3585 1043 3656 (Legg.
1063 3603 1129 3639 sacr.
1150 3586 1252 3655 alleg),
1272 3587 1334 3654 642,
1355 3586 1387 3640 16
1409 3586 1452 3652 ((16

304 3679 376 3747 post.
401 3675 498 3747 Caini),
522 3679 582 3741 656,
606 3677 623 3731 8
647 3680 675 3730 et
695 3678 726 3731 11
751 3676 796 3747 (de
815 3675 941 3745 protug.),
961 3675 1022 3738 641,
1042 3676 1058 3728 9
1079 3677 1106 3728 et
1125 3675 1186 3737 642,
1206 3673 1222 3727 8
1242 3674 1285 3740 ((16
1304 3691 1404 3743 praem.
1424 3679 1453 3728 et

305 3768 404 3835 poem),
423 3782 595 3836 quamquam,
615 3782 675 3820 cum
693 3765 774 3818 Philo
794 3764 903 3818 easdem
922 3780 964 3816 res
983 3763 1090 3832 saepius
1107 3762 1289 3829 tractauissct‚
1304 3763 1371 3816 allos
1387 3779 1452 3832 quo·

306 3870 358 3924 que
378 3853 436 3908 eius
454 3854 546 3917 libros,
567 3870 634 3923 quos
652 3854 681 3906 in
701 3853 893 3906 commentario
913 3850 1040 3914 indicaui,
1059 3850 1192 3920 respicere
1211 3851 1309 3919 potuit.

351 3941 371 4010 ²)
393 3943 425 3996 cf.
444 3942 557 3996 Kellner
574 3959 600 4011 p.
621 3941 673 3996 153
692 3958 751 4011 sqq.

349 4029 369 4099 ³)
389 4029 422 4085 cf.
441 4031 516 4084 Patr.
537 4029 581 4084 Gr.
600 4030 668 4084 XIII
686 4031 721 4084 62
740 4029 782 4084 M.
808 4033 836 4084 et
859 4029 985 4084 Hamack
1008 4029 1069 4083 ‘Die
1092 4026 1200 4082 Uebcrl.
1225 4028 1281 4080 und
1306 4027 1355 4082 der
1378 4029 1450 4081 Best.

305 4120 352 4174 der
372 4119 465 4173 altchr.
485 4119 563 4175 Litt'
582 4121 596 4173 I
616 4120 667 4174 358
687 4136 726 4186 sq.

351 4208 371 4276 ¹²)
392 4207 423 4262 cf.
442 4207 516 4261 Patr.
538 4206 582 4261 Gr.
602 4207 670 4260 XIII
689 4207 741 4262 198
759 4208 801 4264 M.
