3342 4920
277 371 342 434 622
747 367 947 423 Ambrosii

277 581 338 628 nou
371 563 474 627 solnm
507 580 562 645 pro
596 561 777 627 bominibus
811 581 868 626 nee
903 562 1007 627 solum
1036 581 1091 645 pro
1121 562 1219 647 agnis,
1249 563 1304 628 sed
1329 560 1425 625 ctiam

277 688 333 751 pro
366 669 486 747 haedis,
516 687 596 751 quos
624 669 809 751 peccatricis
838 669 1050 754 generationis
1074 670 1193 734 faetore
1218 669 1313 748 exirit,
1336 668 1426 733 testi·

278 775 390 840 fleatur
417 776 581 840 oraculum
608 775 734 839 futuros
763 775 866 841 adbuc
894 776 925 839 in
954 779 1038 843 terra
1066 776 1254 841 adflictionis
1281 776 1426 842 Abrahae
1500 783 1524 834 Ι)

278 880 371 958 lilios,
400 884 438 945 ut
464 881 495 946 in
524 881 584 946 hoc
613 901 712 966 agone
736 884 910 948 multorum
936 885 969 946 et
992 881 1138 966 grauium
1161 882 1368 948 certaminum
1392 901 1426 946 se

277 988 411 1069 probent
430 987 526 1054 etita
545 1007 617 1052 cum
637 988 739 1052 multa
759 988 956 1070 superlectili
975 1008 1141 1054 aureorum
1161 991 1193 1052 ct
1206 991 1427 1073 argenteorum
1459 1011 1472 1050 a

279 1114 428 1159 uasorum
463 1094 574 1178 spoliis
608 1093 723 1177 opimis
757 1098 882 1158 exeant·
899 1097 931 1158 et
958 1099 1156 1160 reuertuntur
1183 1096 1305 1160 animae
1334 1098 1426 1178 atque

280 1203 389 1266 exeant
414 1201 555 1286 pretiosa
581 1200 783 1283 possidentes
813 1219 943 1284 corpora
976 1202 1134 1284 uirtutum
1167 1203 1363 1268 diuersarum
1396 1205 1428 1265 et

279 1308 448 1390 praecipue
485 1307 692 1372 castimoniae
728 1308 914 1390 passionum
952 1309 1124 1373 thensauro
1156 1308 1286 1390 repleta,
1320 1327 1427 1389 sump-

279 1418 370 1478 turae
398 1414 492 1478 etiam
518 1413 635 1478 Christi
664 1413 782 1479 indicio
807 1415 845 1478 de
870 1413 993 1480 diabolo
1019 1417 1052 1478 et
1075 1415 1143 1479 eius
1167 1415 1323 1479 ministris
1347 1417 1427 1478 eete-

279 1521 385 1601 risque
410 1521 465 1602 qui
494 1520 556 1584 sibi
582 1521 754 1586 uoluerunt
781 1539 893 1585 nocero
921 1520 1108 1586 uindictam.
1139 1524 1215 1585 tunc
1243 1520 1303 1584 erit
1329 1537 1427 1602 pauor·
1443 1549 1468 1588 ιο

280 1645 414 1710 magnus
448 1626 544 1691 etiam
576 1625 749 1706 iustorum3
786 1647 877 1694 nemo
916 1628 998 1692 euim
1037 1627 1103 1692 sine
1139 1630 1280 1711 peccato.
1319 1645 1426 1690 omnes
1503 1635 1526 1690 Ε
1556 1635 1558 1640 “
1664 1617 1665 1620 '

278 1733 440 1798 habebunt
467 1733 551 1816 quod
579 1733 722 1811 timeant,
752 1734 825 1815 quia
852 1733 973 1817 inpleta
1000 1737 1133 1816 peccata
1160 1737 1260 1811 emnt,
1289 1737 1326 1797 ut
1353 1751 1423 1798 eum

279 1839 583 1923 superabundauerit
605 1843 783 1922 peccatum,
808 1840 1045 1922 superabundet
1066 1841 1177 1924 gratia.

237 1951 277 2014 67
325 1946 466 2011 Iterum
490 1965 572 2010 cum
595 1947 667 2010 iem
688 1946 747 2011 sol
766 1952 869 2012 esset
888 1948 931 2011 ad
952 1966 1137 2026 occasum,
1156 1947 1306 2011 flamma
1326 1947 1428 2010 facta

281 2055 349 2116 est.
383 2054 421 2116 et
453 2070 539 2116 cccc
570 2051 699 2116 fornax
732 2052 1003 2138 fumigabunda
1032 2057 1068 2119 et
1094 2053 1287 2135 lampades
1315 2051 1426 2136 ignis,
1448 2079 1473 2120 rs

277 2153 373 2239 ¹quoe
410 2160 719 2240 pertransierunt
755 2179 820 2242 per
858 2159 979 2224 media
1016 2159 1141 2224 diuisa
1180 2160 1258 2224 ille.
1302 2157 1428 2223 etiamsi

280 2265 334 2346 qui
363 2264 522 2330 dubitaret
549 2264 587 2329 de
611 2265 839 2346 superioribus,
864 2265 1082 2330 confirmarent
1104 2265 1280 2347 sequentia,
1305 2265 1427 2346 quando

279 2371 438 2436 flammam
484 2372 600 2436 factam
643 2373 684 2436 ad
724 2391 872 2437 occasum
913 2372 1062 2455 legimus,
1105 2391 1185 2454 quae
1225 2371 1429 2436 inluminaret

280 2478 462 2558 uespertina
496 2478 607 2542 mundi
638 2483 782 2562 tempora
814 2481 847 2542 et
873 2479 1012 2563 fulgeret
1038 2480 1070 2544 in
1099 2478 1249 2556 tenebris,
1272 2478 1429 2542 rauelaret
1503 2489 1526 2542 F

278 2583 419 2648 latentia.
448 2584 581 2666 denique
605 2585 754 2650 continuo
779 2585 851 2650 uisa
873 2589 923 2650 est
945 2586 1053 2650 fornax
1074 2585 1311 2670 fumigabunda,
1337 2584 1427 2649 cuius
1446 2615 1473 2654 so

280 2691 490 2758 similitudine
509 2691 637 2758 uidetur·
656 2691 788 2775 exprimi
806 2691 874 2758 uita
889 2692 1027 2758 bumana
1040 2692 1191 2775 inplicata
1204 2690 1428 2773 iniquitatibus

280 2798 400 2864 saeculi
423 2798 518 2864 istius
543 2801 639 2881 atque
662 2799 817 2874 inuoluta,
846 2817 908 2862 non
935 2798 1055 2863 babens
1083 2799 1151 2862 ueri
1178 2798 1311 2882 fulgoris
1340 2797 1430 2862 clari·

279 2905 421 2970 tudinem
441 2911 474 2969 et
493 2905 690 2986 splendorem
712 2905 825 2968 sinceri
843 2904 938 2988 ignis.
962 2904 1049 2968 intus
1070 2905 1161 2988 quasi
1180 2905 1286 2970 fornax
1306 2905 1430 2970 aestuat

281 3012 416 3077 diuersis
454 3011 683 3094 cupiditatibus
726 3016 758 3076 et
798 3011 990 3091 quibusdam
1032 3012 1260 3078 desideriorum
1302 3011 1429 3076 anhelat

279 3117 418 3202 ignibus,
442 3118 518 3183 foris
538 3119 629 3182 uelut
648 3119 785 3200 quodam
804 3118 891 3184 fumo
912 3118 1078 3196 adteritur,
1098 3138 1136 3183 ne
1156 3119 1263 3184 uideat
1282 3119 1427 3184 ueritatis
1447 3139 1574 3193 aa3l4A

372 3386 572 3449 1110b14,4
656 3389 688 3443 12
707 3388 783 3442 Rom.
803 3390 828 3452 5,
848 3389 882 3442 20
961 3389 994 3441 14
1014 3387 1080 3442 Gen.
1102 3388 1144 3456 15,
1165 3389 1198 3442 17
1217 3388 1296 3442 Philo
1317 3387 1426 3453 Quaest.
1517 3388 1520 3395 '

280 3473 322 3527 ΙΙΙ
343 3474 375 3527 15
431 3476 465 3529 20
482 3475 562 3528 Philo
583 3474 694 3540 Quaest.
711 3476 755 3529 ΙΠ
776 3478 808 3531 15
896 3477 897 3480 ’

316 3648 472 3702 doedisP
529 3648 670 3703 afuturus
691 3654 717 3715 (ο
737 3649 862 3719 ecn)P
913 3650 1070 3705 dhoeom.
1090 3649 1153 3704 DN
1223 3651 1384 3724 reprobent
1403 3651 1430 3704 P

281 3739 296 3790 5
316 3736 466 3804 suplectilis
485 3738 561 3806 (fort.
572 3753 588 3792 a
598 3741 680 3803 cros.)
695 3738 729 3802 P,
745 3738 908 3807 supellectili
918 3739 946 3790 P
958 3754 1027 3794 corr.
1044 3745 1090 3793 cet.
1133 3741 1149 3793 6
1165 3741 1261 3810 opimis
1277 3744 1300 3806 (s
1313 3757 1333 3794 e.
1349 3746 1388 3807 u.)
1403 3740 1430 3793 P

317 3827 413 3878 exeant
432 3828 458 3889 (c
478 3826 526 3881 alt.
546 3842 579 3879 ecc
596 3829 620 3891 t)
640 3827 667 3878 P
706 3825 722 3878 8
742 3826 940 3894 possessionum
955 3846 972 3880 α
1026 3830 1135 3882 tesauro
1149 3828 1176 3881 P
1188 3828 1315 3882 thesauro
1335 3829 1366 3882 T‘
1381 3835 1428 3883 cet.

281 3913 458 3968 9diabuloP
494 3914 685 3968 lbuoluereB
722 3916 755 3968 12
770 3914 843 3984 qnod
861 3915 893 3969 Y‘
907 3919 952 3980 (cac
967 3916 1139 3986 quid)B(irc
1151 3921 1220 3982 rea)
1276 3918 1316 3988 ut]
1332 3918 1433 3972 etDN

273 4004 314 4056 ,13
335 4002 584 4072 superhabundauit
606 4002 638 4056 T‘
658 4005 686 4072 (h
704 4020 725 4057 a.
740 4021 776 4068 u,
792 4021 861 4060 corr.
877 4005 947 4071 det)
963 4005 1026 4060 DN
1064 4008 1096 4060 17
1111 4006 1157 4074 qui
1171 4009 1241 4079 (carp.
1256 4011 1312 4074 m2)
1327 4007 1360 4070 P,
1377 4025 1428 4062 oua.

281 4097 327 4146 cet.
384 4090 522 4145 dubitaret
534 4093 634 4160 compsi
648 4091 819 4146 dubitaretur
834 4093 909 4158 libus}
919 4095 989 4162 fort.
1006 4095 1049 4148 cui
1060 4081 1230 4150 dubitaretur
1273 4097 1304 4150 19
1319 4113 1428 4166 uesper-

281 4181 340 4234 tina
356 4184 382 4246 (a
396 4196 429 4234 ec
443 4186 469 4246 t)
485 4182 512 4233 P
565 4197 596 4234 ac
614 4181 748 4236 reuelaret
758 4182 786 4235 P
799 4185 841 4244 (ac
855 4199 875 4235 s.
891 4199 917 4235 u.
933 4187 990 4249 m3)
1007 4189 1055 4240 cet.
1092 4185 1125 4238 21
1142 4185 1201 4240 uita
1215 4185 1266 4252 (ita
1279 4185 1310 4238 in
1324 4188 1392 4250 ras.)
1403 4186 1431 4239 P

282 4270 316 4323 23
335 4269 418 4338 ignis]
436 4269 546 4338 luminis
565 4268 595 4322 D
613 4273 645 4333 (s.
665 4269 679 4322 l
696 4269 780 4338 ignis)
800 4269 833 4322 N
888 4272 923 4324 24
942 4271 1054 4326 anhelat
1074 4273 1102 4339 (h
1121 4289 1142 4327 s.
1162 4277 1201 4340 u.)
1221 4274 1250 4327 D
1269 4273 1384 4327 hanelat
1402 4275 1429 4326 B
