3322 4914
288 307 346 371 Lll
754 302 969 357 Praefatio.

289 500 381 565 cibus
408 498 699 564 Mediolanensibus
727 497 979 564 Nouaciensibus
1007 499 1263 566 Uercellensibus
1292 518 1310 563 3
1333 500 1436 563 Β3113-

288 606 369 671 rinio
394 605 544 670 adhibitis
568 607 659 688 plura
683 605 781 670 uerba
802 606 957 671 faciamus
981 625 1110 673 neccsse
1129 609 1188 685 est,
1208 622 1341 688 quorum
1359 625 1436 688 pau-

291 731 345 778 cos
365 716 467 778 aetate
486 712 666 796 superiores
684 713 752 795 ipse
772 732 898 795 quoque
916 713 1047 796 inspexi,
1065 717 1186 778 ceteros
1205 715 1316 795 utpote
1331 732 1436 776 recen-

289 819 386 884 tiores
415 837 516 900 neque
544 817 644 882 ullius
672 818 703 882 in
731 837 763 882 re
793 819 903 884 critica
931 837 1009 884 usus
1037 819 1172 902 neglexi.
1209 837 1310 902 neque
1332 819 1436 902 magis

292 925 402 990 curaui
425 924 551 990 codices
575 923 795 1008 bybliothecae
818 924 1037 990 uniuersitatis
1055 924 1242 1008 Lipsiensis,
1262 926 1300 989 dc
1320 925 1436 1006 quibus

290 1031 364 1097 uide
403 1051 482 1114 quae
518 1032 556 1096 R.
591 1029 627 1096 Ο.
662 1029 786 1096 Gilbert
822 1031 854 1095 in
890 1031 1035 1096 Exameri
1051 1053 1053 1059 ⁸
1072 1031 1210 1096 editione
1246 1031 1372 1113 Lipsiae
1407 1049 1435 1095 3.

291 1137 556 1204 MDGCOXXXX
578 1137 610 1202 in
633 1138 738 1202 lucem
762 1137 880 1204 emissa
907 1138 1062 1220 exposuit.
1097 1157 1132 1204 ex
1162 1138 1269 1204 codice
1297 1135 1437 1202 familiae

291 1244 331 1309 N¹
353 1244 444 1308 fluxit
468 1245 563 1309 editio
587 1244 848 1308 Amerbachiana.

174 1387 184 1411 1
209 1387 242 1412 a.
263 1385 283 1410 a
336 1353 405 1416 Iam
426 1351 558 1436 longum
583 1353 615 1415 et
644 1352 777 1415 arduum
806 1351 868 1417 iter
895 1351 1015 1416 emensi
1042 1351 1208 1417 ueniamus
1231 1351 1271 1416 ad
1292 1351 1439 1416 libellum

295 1459 332 1523 de
365 1459 563 1541 paradiso,
597 1459 635 1523 de
669 1479 741 1541 quo,
776 1477 849 1523 oum
881 1459 1014 1542 simplex
1047 1459 1091 1524 sit
1122 1462 1216 1542 atque
1249 1461 1358 1541 aperta
1392 1457 1439 1522 rei

295 1565 422 1630 criticae
454 1566 545 1642 ratio,
577 1585 642 1630 rem
676 1565 786 1649 paucis
820 1566 985 1630 absoluere
1013 1584 1196 1649 possumus.
1230 1565 1348 1628 etenim
1371 1566 1440 1629 tota

294 1673 363 1737 eius
387 1671 528 1738 recensio
553 1691 571 1735 a
594 1673 718 1737 duobus
739 1672 902 1737 codicibus
922 1673 1040 1737 saeculi
1059 1671 1152 1736 VIIII
1169 1671 1295 1755 pendet,
1314 1670 1439 1735 liudo-

294 1779 594 1863 maropolitano
620 1781 661 1843 72
687 1779 740 1865 (A)
761 1781 793 1844 et
810 1779 1022 1845 Parisiaco
1046 1781 1141 1858 1913,
1161 1780 1238 1845 olim
1258 1778 1438 1843 Cclbertino

295 1883 356 1974 (P).
385 1904 421 1950 33
449 1885 564 1968 priore,
593 1887 647 1967 qui
675 1885 794 1952 formae
824 1887 977 1973 oblongae
1011 1890 1070 1966 est,
1099 1886 1247 1952 foliorum
1280 1886 1353 1964 136,
1380 1885 1439 1949 hae

295 1991 482 2074 scriptiones
515 1994 728 2058 continentur:
761 1994 784 2058 f.
811 1995 918 2057 1-24
943 1993 980 2058 de
1004 1995 1102 2068 Isaeo,
1128 1991 1439 2058 24-4311311313

295 2098 418 2176 mortis,
448 2100 607 2163 43“-61“
635 2099 673 2164 de
701 2101 779 2184 fuga
807 2099 936 2176 saeculi,
967 2101 1124 2164 erc—89¹¹
1148 2100 1186 2164 de
1209 2100 1315 2177 Iacob,
1340 2099 1440 2163 89¹¹-

298 2207 360 2270 108
399 2206 437 2270 de
474 2205 630 2288 paradiso,
670 2207 858 2270 ros-119³
894 2205 931 2270 de
969 2206 1184 2273 consolatione
1217 2205 1440 2280 Ualentiniani,

297 2313 500 2375 litu-135²l
524 2313 662 2395 epistula
685 2313 724 2376 ad
747 2313 1007 2399 Uercellenscs.¹)
1029 2313 1061 2378 in
1084 2313 1161 2378 lolio
1190 2314 1439 2392 membranaceo,

295 2418 380 2500 quod
419 2423 491 2483 ante
527 2419 665 2501 primum
703 2420 863 2486 adiectum
901 2424 951 2485 est
986 2440 1115 2486 numero
1148 2440 1208 2485 non
1240 2419 1440 2504 insignitum,

293 2527 370 2606 post
396 2525 525 2590 breuem
552 2526 704 2590 librorum
734 2547 813 2609 quos
842 2527 893 2592 bio
922 2528 1019 2592 codex
1050 2527 1273 2610 complecitur
1302 2526 1439 2590 indicem

294 2650 390 2695 manu
419 2633 589 2698 recentiore
619 2631 798 2697 confectum
825 2635 902 2698 haec
930 2633 1088 2716 adscripta
1116 2637 1205 2699 sunt:
1238 2634 1335 2700 ‘Usus
1368 2651 1439 2697 sum

295 2737 355 2801 hoc
378 2738 458 2803 libro
484 2742 516 2803 et
538 2739 661 2822 repperi
681 2740 759 2803 satis
778 2740 878 2804 bonae
897 2744 1000 2805 notae.
1024 2741 1117 2805 Ariae
1135 2760 1243 2805 mense
1263 2739 1442 2821 Septembri

296 2845 370 2908 anni
396 2845 573 2912 MDXClV.
602 2847 653 2911 Fr.
681 2847 809 2912 Modius
839 2846 1016 2914 Canonicus
1040 2849 1204 2929 Ariensis‘,
1228 2868 1289 2930 qua
1312 2867 1344 2912 re
1369 2848 1440 2912 edo-

297 2969 405 3015 cemur
441 2953 646 3018 Franciscum
683 2954 837 3032 Medium,
876 2956 979 3020 uirum
1021 2956 1198 3020 litterarum
1240 2956 1441 3038 antiquarum

295 3058 537 3140 peritissimum,
571 3061 625 3141 qui
657 3064 750 3125 natus
788 3081 815 3128 a.
856 3063 941 3127 1556
978 3062 1120 3128 decessit
1155 3083 1182 3127 3.
1223 3063 1318 3140 1599,
1357 3061 1441 3125 bunc

295 3165 414 3228 librum
442 3166 615 3231 euoluissc.
648 3187 750 3250 neque
773 3188 849 3234 uero
872 3169 1003 3234 minoris
1027 3168 1180 3234 momenti
1204 3171 1338 3233 331133
1361 3187 1441 3250 quae

296 3269 329 3333 in
354 3273 439 3334 carta
461 3272 560 3336 lintea
583 3276 654 3337 ante
678 3274 792 3339 folium
820 3275 958 3356 primum
984 3275 1103 3340 inserta
1129 3277 1294 3360 leguntur:
1328 3274 1440 3340 ‘Colla-

298 3377 383 3441 tione
419 3397 455 3441 en
492 3380 586 3444 1724.
619 3400 699 3463 pour·
730 3381 775 3445 La
806 3382 960 3447 Nouvellc
999 3383 1139 3461 editiou',
1173 3383 1255 3448 unde
1281 3383 1443 3467 colligitur

297 3483 460 3548 Mauricos
489 3485 572 3550 buno
601 3487 742 3552 codicem
770 3489 808 3552 ad
838 3491 968 3554 alterum
991 3490 1151 3555 Ambrosii
1176 3511 1306 3575 opernm
1330 3491 1442 3556 editio-

299 3609 371 3654 nem
402 3592 571 3671 parandam
605 3595 790 3662 contulisse.
824 3601 983 3661 correctus
1017 3601 1066 3661 est
1098 3598 1151 3663 hio
1180 3597 1276 3662 codex
1303 3598 1441 3681 primum

297 3715 393 3760 manu
419 3697 560 3763 eiusdem
583 3700 646 3764 lere
671 3702 794 3779 aetatis,
814 3722 894 3784 quae
913 3703 1031 3786 pallido
1051 3723 1110 3769 usa
1128 3708 1303 3769 atramento
1323 3723 1441 3770 errores

299 3820 318 3863 a
339 3802 467 3868 librario
490 3805 521 3869 in
546 3806 749 3872 describendo
775 3810 963 3874 commissos
984 3811 1116 3874 correxit
1133 3812 1302 3876 maximam
1319 3814 1442 3894 partem

298 3910 446 3988 leuiores,
472 3913 527 3976 sed
550 3913 708 3978 interdum
733 3915 827 3978 ctiam
853 3917 1024 4000 grauiores,
1049 3917 1094 3982 113
1117 3921 1222 3982 tamen
1246 3922 1283 3982 ut
1305 3917 1440 3983 radendo

345 4030 365 4099 1)
385 4033 413 4086 111
432 4033 450 4088 f.
473 4036 538 4090 135u
552 4040 578 4088 et
603 4036 665 4090 136τ
681 4053 762 4090 manu
786 4039 888 4092 saeculi
910 4039 1044 4094 inferioris
1069 4040 1205 4111 adscripta
1228 4044 1291 4094 sunt
1310 4041 1441 4110 quaedam

298 4138 390 4175 sacrae
409 4125 557 4193 scripturae
575 4121 735 4192 fragmenta.
755 4125 1047 4198 Andomaropolitanus
1067 4131 1125 4184 sine
1145 4130 1226 4184 dnbio
1246 4130 1383 4200 antiquior
1402 4133 1444 4184 est

298 4210 445 4277 Parisiaco,
465 4216 561 4281 utpote
580 4214 688 4268 saeculo
708 4215 789 4268 VIIII
806 4218 917 4271 ineunte
937 4219 1058 4288 scriptus.
