<?xml version="1.0" encoding="UTF-8"?>
<!DOCTYPE html PUBLIC "-//W3C//DTD XHTML 1.0 Transitional//EN"
    "http://www.w3.org/TR/xhtml1/DTD/xhtml1-transitional.dtd">
<html xmlns="http://www.w3.org/1999/xhtml" xml:lang="en" lang="en">
 <head>
  <title>
</title>
<meta http-equiv="Content-Type" content="text/html;charset=utf-8" />
  <meta name='ocr-system' content='tesseract 3.04.00' />
  <meta name='ocr-capabilities' content='ocr_page ocr_carea ocr_par ocr_line ocrx_word'/>
</head>
<body>
  <div class='ocr_page' id='page_1' title='image "./sanctiambrosiio05petsgoog_0012.png"; bbox 0 0 3322 4914; ppageno 0'>
   <div class='ocr_carea' id='block_1_1' title="bbox 666 335 1350 422">
    <p class='ocr_par' dir='ltr' id='par_1_1' title="bbox 666 335 1350 422">
     <span class='ocr_line' id='line_1_1' title="bbox 666 335 1350 422; baseline -0.001 -34"><span class='ocrx_word' id='word_1_1' title='bbox 666 335 884 394; x_wconf 86' lang='lat' dir='ltr'>Praefatio.</span> <span class='ocrx_word' id='word_1_2' title='bbox 1301 357 1350 422; x_wconf 73' lang='lat' dir='ltr'>HI</span> 
     </span>
    </p>
   </div>
   <div class='ocr_carea' id='block_1_2' title="bbox 185 518 1365 3718">
    <p class='ocr_par' dir='ltr' id='par_1_2' title="bbox 185 518 1365 3718">
     <span class='ocr_line' id='line_1_2' title="bbox 198 518 1347 622; baseline 0.034 -44"><span class='ocrx_word' id='word_1_3' title='bbox 198 518 268 580; x_wconf 89' lang='lat' dir='ltr'>ueri</span> <span class='ocrx_word' id='word_1_4' title='bbox 301 522 406 602; x_wconf 90' lang='lat' dir='ltr'>specie</span> <span class='ocrx_word' id='word_1_5' title='bbox 439 525 641 592; x_wconf 88' lang='lat' dir='ltr'>coniecerunt</span> <span class='ocrx_word' id='word_1_6' title='bbox 673 532 802 596; x_wconf 88' lang='lat' dir='ltr'>eandem</span> <span class='ocrx_word' id='word_1_7' title='bbox 836 554 902 600; x_wconf 90' lang='lat' dir='ltr'>rem</span> <span class='ocrx_word' id='word_1_8' title='bbox 930 557 1056 622; x_wconf 90' lang='grc'>666666</span> <span class='ocrx_word' id='word_1_9' title='bbox 1085 541 1116 606; x_wconf 91' lang='grc'>16</span> <span class='ocrx_word' id='word_1_10' title='bbox 1146 546 1242 612; x_wconf 88' lang='grc'>611666</span> <span class='ocrx_word' id='word_1_11' title='bbox 1266 548 1347 617; x_wconf 92' lang='lat' dir='ltr'>libro</span> 
     </span>
     <span class='ocr_line' id='line_1_3' title="bbox 198 629 1349 732; baseline 0.031 -47"><span class='ocrx_word' id='word_1_12' title='bbox 198 642 281 705; x_wconf 85' lang='lat' dir='ltr'>esse,</span> <span class='ocrx_word' id='word_1_13' title='bbox 315 647 375 708; x_wconf 92' lang='lat' dir='ltr'>quo</span> <span class='ocrx_word' id='word_1_14' title='bbox 409 629 597 700; x_wconf 80' lang='lat' dir='ltr'>Ambrosius</span> <span class='ocrx_word' id='word_1_15' title='bbox 629 656 682 702; x_wconf 90' lang='grc'>666</span> <span class='ocrx_word' id='word_1_16' title='bbox 714 639 768 720; x_wconf 90' lang='grc'>661</span> <span class='ocrx_word' id='word_1_17' title='bbox 798 644 1006 722; x_wconf 88' lang='grc'>666666116616</span> <span class='ocrx_word' id='word_1_18' title='bbox 1042 647 1227 732; x_wconf 88' lang='grc'>11661611666</span> <span class='ocrx_word' id='word_1_19' title='bbox 1261 660 1349 720; x_wconf 89' lang='grc'>66661</span> 
     </span>
     <span class='ocr_line' id='line_1_4' title="bbox 197 732 1348 844; baseline 0.029 -50"><span class='ocrx_word' id='word_1_20' title='bbox 197 732 366 800; x_wconf 81' lang='lat' dir='ltr'><strong>altioribus</strong></span> <span class='ocrx_word' id='word_1_21' title='bbox 382 737 552 822; x_wconf 30' lang='lat' dir='ltr'>&#39;doctrinae</span> <span class='ocrx_word' id='word_1_22' title='bbox 577 762 682 809; x_wconf 89' lang='lat' dir='ltr'>sacrae</span> <span class='ocrx_word' id='word_1_23' title='bbox 706 748 837 812; x_wconf 89' lang='lat' dir='ltr'>secretis</span> <span class='ocrx_word' id='word_1_24' title='bbox 861 750 987 815; x_wconf 89' lang='grc'>16111666</span> <span class='ocrx_word' id='word_1_25' title='bbox 1007 755 1140 821; x_wconf 78' lang='lat' dir='ltr'>studuit.</span> <span class='ocrx_word' id='word_1_26' title='bbox 1162 777 1234 822; x_wconf 91' lang='lat' dir='ltr'>curn</span> <span class='ocrx_word' id='word_1_27' title='bbox 1255 780 1348 844; x_wconf 89' lang='lat' dir='ltr'>opere</span> 
     </span>
     <span class='ocr_line' id='line_1_5' title="bbox 197 838 1349 938; baseline 0.029 -37"><span class='ocrx_word' id='word_1_28' title='bbox 197 838 237 902; x_wconf 92' lang='lat' dir='ltr'>de</span> <span class='ocrx_word' id='word_1_29' title='bbox 261 841 419 908; x_wconf 86' lang='lat' dir='ltr'>Abraham</span> <span class='ocrx_word' id='word_1_30' title='bbox 443 849 549 912; x_wconf 91' lang='lat' dir='ltr'>autem</span> <span class='ocrx_word' id='word_1_31' title='bbox 573 853 808 918; x_wconf 81' lang='lat' dir='ltr'>necessitudine</span> <span class='ocrx_word' id='word_1_32' title='bbox 834 857 969 938; x_wconf 88' lang='lat' dir='ltr'>quadam</span> <span class='ocrx_word' id='word_1_33' title='bbox 994 863 1153 928; x_wconf 89' lang='lat' dir='ltr'>coniuncti</span> <span class='ocrx_word' id='word_1_34' title='bbox 1178 871 1253 932; x_wconf 91' lang='grc'>6661</span> <span class='ocrx_word' id='word_1_35' title='bbox 1274 861 1349 934; x_wconf 88' lang='lat' dir='ltr'>libri</span> 
     </span>
     <span class='ocr_line' id='line_1_6' title="bbox 197 944 1365 1059; baseline 0.027 -50"><span class='ocrx_word' id='word_1_36' title='bbox 197 944 237 1010; x_wconf 90' lang='lat' dir='ltr'>de</span> <span class='ocrx_word' id='word_1_37' title='bbox 260 948 361 1028; x_wconf 87' lang='lat' dir='ltr'>Isaac,</span> <span class='ocrx_word' id='word_1_38' title='bbox 388 952 425 1015; x_wconf 89' lang='lat' dir='ltr'>de</span> <span class='ocrx_word' id='word_1_39' title='bbox 449 953 531 1019; x_wconf 92' lang='lat' dir='ltr'>bono</span> <span class='ocrx_word' id='word_1_40' title='bbox 555 959 678 1036; x_wconf 88' lang='lat' dir='ltr'>mortis,</span> <span class='ocrx_word' id='word_1_41' title='bbox 700 961 737 1024; x_wconf 93' lang='grc'>16</span> <span class='ocrx_word' id='word_1_42' title='bbox 757 962 862 1037; x_wconf 83' lang='lat' dir='ltr'>Iacob,</span> <span class='ocrx_word' id='word_1_43' title='bbox 885 964 922 1028; x_wconf 94' lang='lat' dir='ltr'>de</span> <span class='ocrx_word' id='word_1_44' title='bbox 942 966 1068 1048; x_wconf 88' lang='lat' dir='ltr'>loseph,</span> <span class='ocrx_word' id='word_1_45' title='bbox 1089 969 1224 1054; x_wconf 90' lang='lat' dir='ltr'>denique</span> <span class='ocrx_word' id='word_1_46' title='bbox 1243 975 1270 1038; x_wconf 88' lang='lat' dir='ltr'>is</span> <span class='ocrx_word' id='word_1_47' title='bbox 1291 977 1365 1059; x_wconf 90' lang='lat' dir='ltr'>qui-</span> 
     </span>
     <span class='ocr_line' id='line_1_7' title="bbox 196 1055 1346 1148; baseline 0.027 -32"><span class='ocrx_word' id='word_1_48' title='bbox 196 1055 295 1138; x_wconf 72' lang='grc'>66166</span> <span class='ocrx_word' id='word_1_49' title='bbox 321 1056 357 1120; x_wconf 91' lang='grc'>16</span> <span class='ocrx_word' id='word_1_50' title='bbox 382 1059 656 1130; x_wconf 74' lang='lat' dir='ltr'>benedictionibus</span> <span class='ocrx_word' id='word_1_51' title='bbox 680 1069 930 1148; x_wconf 85' lang='lat' dir='ltr'>patriarcharum</span> <span class='ocrx_word' id='word_1_52' title='bbox 954 1073 1148 1142; x_wconf 84' lang='lat' dir='ltr'>inscribitur.</span> <span class='ocrx_word' id='word_1_53' title='bbox 1174 1081 1291 1145; x_wconf 88' lang='lat' dir='ltr'>etenim</span> <span class='ocrx_word' id='word_1_54' title='bbox 1314 1082 1346 1147; x_wconf 92' lang='grc'>16</span> 
     </span>
     <span class='ocr_line' id='line_1_8' title="bbox 197 1162 1347 1266; baseline 0.024 -42"><span class='ocrx_word' id='word_1_55' title='bbox 197 1162 323 1226; x_wconf 83' lang='lat' dir='ltr'>exordio</span> <span class='ocrx_word' id='word_1_56' title='bbox 348 1165 421 1228; x_wconf 91' lang='lat' dir='ltr'>libn&#39;</span> <span class='ocrx_word' id='word_1_57' title='bbox 445 1166 482 1230; x_wconf 90' lang='lat' dir='ltr'>de</span> <span class='ocrx_word' id='word_1_58' title='bbox 505 1168 596 1234; x_wconf 89' lang='lat' dir='ltr'>Isaac</span> <span class='ocrx_word' id='word_1_59' title='bbox 619 1172 659 1236; x_wconf 96' lang='grc'>61</span> <span class='ocrx_word' id='word_1_60' title='bbox 683 1193 773 1256; x_wconf 89' lang='grc'>6666,</span> <span class='ocrx_word' id='word_1_61' title='bbox 793 1195 855 1257; x_wconf 94' lang='grc'>666</span> <span class='ocrx_word' id='word_1_62' title='bbox 881 1178 918 1240; x_wconf 92' lang='grc'>16</span> <span class='ocrx_word' id='word_1_63' title='bbox 938 1178 1097 1244; x_wconf 85' lang='lat' dir='ltr'>Abrabam</span> <span class='ocrx_word' id='word_1_64' title='bbox 1122 1184 1347 1266; x_wconf 74' lang='grc'>6611666666.</span> 
     </span>
     <span class='ocr_line' id='line_1_9' title="bbox 196 1271 1345 1360; baseline 0.025 -30"><span class='ocrx_word' id='word_1_65' title='bbox 196 1286 307 1332; x_wconf 88' lang='lat' dir='ltr'>camur</span> <span class='ocrx_word' id='word_1_66' title='bbox 328 1271 469 1355; x_wconf 89' lang='lat' dir='ltr'>itemque</span> <span class='ocrx_word' id='word_1_67' title='bbox 493 1276 603 1357; x_wconf 88' lang='lat' dir='ltr'>primis</span> <span class='ocrx_word' id='word_1_68' title='bbox 627 1279 700 1342; x_wconf 92' lang='lat' dir='ltr'>libri</span> <span class='ocrx_word' id='word_1_69' title='bbox 725 1281 863 1347; x_wconf 91' lang='lat' dir='ltr'>debono</span> <span class='ocrx_word' id='word_1_70' title='bbox 884 1285 996 1349; x_wconf 90' lang='lat' dir='ltr'>mortis</span> <span class='ocrx_word' id='word_1_71' title='bbox 1016 1288 1122 1352; x_wconf 89' lang='lat' dir='ltr'>uerbis</span> <span class='ocrx_word' id='word_1_72' title='bbox 1142 1292 1182 1355; x_wconf 92' lang='lat' dir='ltr'>ad</span> <span class='ocrx_word' id='word_1_73' title='bbox 1200 1293 1345 1360; x_wconf 90' lang='lat' dir='ltr'>libellum</span> 
     </span>
     <span class='ocr_line' id='line_1_10' title="bbox 196 1375 1347 1486; baseline 0.024 -48"><span class='ocrx_word' id='word_1_74' title='bbox 196 1375 236 1438; x_wconf 91' lang='lat' dir='ltr'>de</span> <span class='ocrx_word' id='word_1_75' title='bbox 260 1377 359 1443; x_wconf 80' lang='lat' dir='ltr'>Isaac.</span> <span class='ocrx_word' id='word_1_76' title='bbox 388 1380 419 1442; x_wconf 91' lang='lat' dir='ltr'>in</span> <span class='ocrx_word' id='word_1_77' title='bbox 448 1381 521 1445; x_wconf 82' lang='lat' dir='ltr'>libri</span> <span class='ocrx_word' id='word_1_78' title='bbox 550 1383 586 1447; x_wconf 93' lang='grc'>16</span> <span class='ocrx_word' id='word_1_79' title='bbox 610 1385 725 1468; x_wconf 81' lang='lat' dir='ltr'>Ioseph</span> <span class='ocrx_word' id='word_1_80' title='bbox 755 1387 901 1472; x_wconf 86' lang='lat' dir='ltr'>ingressu</span> <span class='ocrx_word' id='word_1_81' title='bbox 926 1391 1115 1460; x_wconf 86' lang='lat' dir='ltr'>Ambrosius</span> <span class='ocrx_word' id='word_1_82' title='bbox 1145 1417 1201 1463; x_wconf 92' lang='grc'>666</span> <span class='ocrx_word' id='word_1_83' title='bbox 1225 1403 1347 1486; x_wconf 83' lang='lat' dir='ltr'>relegat</span> 
     </span>
     <span class='ocr_line' id='line_1_11' title="bbox 195 1483 1344 1587; baseline 0.025 -43"><span class='ocrx_word' id='word_1_84' title='bbox 195 1483 236 1546; x_wconf 90' lang='lat' dir='ltr'>ad</span> <span class='ocrx_word' id='word_1_85' title='bbox 251 1483 350 1548; x_wconf 91' lang='lat' dir='ltr'>libros</span> <span class='ocrx_word' id='word_1_86' title='bbox 366 1486 404 1550; x_wconf 92' lang='grc'>16</span> <span class='ocrx_word' id='word_1_87' title='bbox 417 1489 577 1554; x_wconf 86' lang='lat' dir='ltr'>Abraham</span> <span class='ocrx_word' id='word_1_88' title='bbox 592 1491 682 1556; x_wconf 90' lang='grc'>16666</span> <span class='ocrx_word' id='word_1_89' title='bbox 701 1494 792 1559; x_wconf 90' lang='lat' dir='ltr'>lacob</span> <span class='ocrx_word' id='word_1_90' title='bbox 808 1515 904 1578; x_wconf 90' lang='lat' dir='ltr'>seque</span> <span class='ocrx_word' id='word_1_91' title='bbox 923 1500 1098 1564; x_wconf 90' lang='lat' dir='ltr'>secundum</span> <span class='ocrx_word' id='word_1_92' title='bbox 1115 1489 1344 1587; x_wconf 86' lang='lat' dir='ltr'>scripturarum</span> 
     </span>
     <span class='ocr_line' id='line_1_12' title="bbox 195 1590 1344 1686; baseline 0.023 -34"><span class='ocrx_word' id='word_1_93' title='bbox 195 1590 311 1654; x_wconf 88' lang='lat' dir='ltr'>seriem</span> <span class='ocrx_word' id='word_1_94' title='bbox 334 1611 383 1656; x_wconf 89' lang='lat' dir='ltr'>res</span> <span class='ocrx_word' id='word_1_95' title='bbox 409 1597 515 1677; x_wconf 83' lang='lat' dir='ltr'>gestas</span> <span class='ocrx_word' id='word_1_96' title='bbox 540 1597 787 1678; x_wconf 85' lang='lat' dir='ltr'>patriarcharum</span> <span class='ocrx_word' id='word_1_97' title='bbox 814 1602 970 1682; x_wconf 79' lang='lat' dir='ltr'>explicare</span> <span class='ocrx_word' id='word_1_98' title='bbox 990 1606 1165 1686; x_wconf 89' lang='lat' dir='ltr'>profitetur.</span> <span class='ocrx_word' id='word_1_99' title='bbox 1185 1609 1248 1673; x_wconf 89' lang='lat' dir='ltr'>iam</span> <span class='ocrx_word' id='word_1_100' title='bbox 1269 1621 1344 1678; x_wconf 88' lang='lat' dir='ltr'>uero</span> 
     </span>
     <span class='ocr_line' id='line_1_13' title="bbox 192 1696 1343 1798; baseline 0.023 -40"><span class='ocrx_word' id='word_1_101' title='bbox 192 1696 293 1762; x_wconf 91' lang='lat' dir='ltr'>libros</span> <span class='ocrx_word' id='word_1_102' title='bbox 324 1698 362 1761; x_wconf 93' lang='grc'>16</span> <span class='ocrx_word' id='word_1_103' title='bbox 392 1700 486 1765; x_wconf 81' lang='lat' dir='ltr'>Iacob</span> <span class='ocrx_word' id='word_1_104' title='bbox 519 1721 554 1766; x_wconf 85' lang='lat' dir='ltr'>ex</span> <span class='ocrx_word' id='word_1_105' title='bbox 585 1705 782 1769; x_wconf 85' lang='lat' dir='ltr'>sermonibus</span> <span class='ocrx_word' id='word_1_106' title='bbox 813 1709 1006 1790; x_wconf 88' lang='lat' dir='ltr'>compositos</span> <span class='ocrx_word' id='word_1_107' title='bbox 1032 1730 1102 1775; x_wconf 91' lang='lat' dir='ltr'>esse</span> <span class='ocrx_word' id='word_1_108' title='bbox 1126 1715 1232 1782; x_wconf 91' lang='lat' dir='ltr'>uerbis</span> <span class='ocrx_word' id='word_1_109' title='bbox 1256 1718 1343 1798; x_wconf 84' lang='lat'>115,</span> 
     </span>
     <span class='ocr_line' id='line_1_14' title="bbox 195 1805 1344 1899; baseline 0.021 -33"><span class='ocrx_word' id='word_1_110' title='bbox 195 1805 238 1866; x_wconf 82' lang='lat'>23</span> <span class='ocrx_word' id='word_1_111' title='bbox 263 1805 359 1869; x_wconf 85' lang='lat' dir='ltr'>‘sicut</span> <span class='ocrx_word' id='word_1_112' title='bbox 387 1807 506 1871; x_wconf 89' lang='lat' dir='ltr'>audisti</span> <span class='ocrx_word' id='word_1_113' title='bbox 533 1809 598 1892; x_wconf 84' lang='lat' dir='ltr'>legi</span> <span class='ocrx_word' id='word_1_114' title='bbox 628 1813 731 1876; x_wconf 87' lang='lat' dir='ltr'>hodie’</span> <span class='ocrx_word' id='word_1_115' title='bbox 755 1813 967 1886; x_wconf 81' lang='lat' dir='ltr'>confirmatur.</span> <span class='ocrx_word' id='word_1_116' title='bbox 997 1836 1097 1899; x_wconf 90' lang='lat' dir='ltr'>neque</span> <span class='ocrx_word' id='word_1_117' title='bbox 1127 1821 1219 1886; x_wconf 91' lang='lat' dir='ltr'>aliter</span> <span class='ocrx_word' id='word_1_118' title='bbox 1244 1827 1344 1890; x_wconf 91' lang='lat' dir='ltr'>statui</span> 
     </span>
     <span class='ocr_line' id='line_1_15' title="bbox 192 1913 1343 2008; baseline 0.019 -35"><span class='ocrx_word' id='word_1_119' title='bbox 192 1915 303 1992; x_wconf 89' lang='lat' dir='ltr'>potest</span> <span class='ocrx_word' id='word_1_120' title='bbox 332 1913 368 1977; x_wconf 91' lang='grc'>16</span> <span class='ocrx_word' id='word_1_121' title='bbox 397 1915 516 1993; x_wconf 87' lang='lat' dir='ltr'>libello,</span> <span class='ocrx_word' id='word_1_122' title='bbox 541 1917 596 2000; x_wconf 91' lang='grc'>661</span> <span class='ocrx_word' id='word_1_123' title='bbox 625 1918 661 1980; x_wconf 90' lang='grc'>16</span> <span class='ocrx_word' id='word_1_124' title='bbox 690 1919 805 2001; x_wconf 92' lang='lat' dir='ltr'>Ioseph</span> <span class='ocrx_word' id='word_1_125' title='bbox 833 1921 1029 1987; x_wconf 88' lang='lat' dir='ltr'>inscribitur.</span> <span class='ocrx_word' id='word_1_126' title='bbox 1054 1944 1124 1988; x_wconf 89' lang='lat' dir='ltr'>nam</span> <span class='ocrx_word' id='word_1_127' title='bbox 1148 1928 1287 2008; x_wconf 89' lang='lat' dir='ltr'>primum</span> <span class='ocrx_word' id='word_1_128' title='bbox 1308 1932 1343 1996; x_wconf 88' lang='grc'>11</span> 
     </span>
     <span class='ocr_line' id='line_1_16' title="bbox 192 2022 1344 2118; baseline 0.019 -38"><span class='ocrx_word' id='word_1_129' title='bbox 192 2023 354 2084; x_wconf 88' lang='grc'>166166166</span> <span class='ocrx_word' id='word_1_130' title='bbox 376 2022 473 2085; x_wconf 86' lang='lat' dir='ltr'>uerba</span> <span class='ocrx_word' id='word_1_131' title='bbox 499 2024 527 2100; x_wconf 86' lang='lat'>1,</span> <span class='ocrx_word' id='word_1_132' title='bbox 555 2025 583 2100; x_wconf 88' lang='lat'>1,</span> <span class='ocrx_word' id='word_1_133' title='bbox 609 2026 723 2105; x_wconf 89' lang='lat' dir='ltr'>quibus</span> <span class='ocrx_word' id='word_1_134' title='bbox 753 2027 850 2090; x_wconf 87' lang='lat' dir='ltr'>simul</span> <span class='ocrx_word' id='word_1_135' title='bbox 879 2048 959 2110; x_wconf 90' lang='lat' dir='ltr'>quae</span> <span class='ocrx_word' id='word_1_136' title='bbox 984 2034 1161 2097; x_wconf 89' lang='lat' dir='ltr'>ceterorum</span> <span class='ocrx_word' id='word_1_137' title='bbox 1186 2035 1223 2098; x_wconf 91' lang='lat' dir='ltr'>de</span> <span class='ocrx_word' id='word_1_138' title='bbox 1248 2038 1344 2118; x_wconf 89' lang='lat' dir='ltr'>patri-</span> 
     </span>
     <span class='ocr_line' id='line_1_17' title="bbox 193 2127 1343 2222; baseline 0.017 -34"><span class='ocrx_word' id='word_1_139' title='bbox 193 2127 299 2190; x_wconf 86' lang='lat' dir='ltr'>archis</span> <span class='ocrx_word' id='word_1_140' title='bbox 320 2129 473 2194; x_wconf 91' lang='lat' dir='ltr'>librorum</span> <span class='ocrx_word' id='word_1_141' title='bbox 498 2131 586 2213; x_wconf 86' lang='lat' dir='ltr'>origo</span> <span class='ocrx_word' id='word_1_142' title='bbox 611 2133 707 2196; x_wconf 84' lang='lat' dir='ltr'>fuerit</span> <span class='ocrx_word' id='word_1_143' title='bbox 730 2134 926 2201; x_wconf 88' lang='lat' dir='ltr'>illustratur:</span> <span class='ocrx_word' id='word_1_144' title='bbox 955 2137 1003 2200; x_wconf 84' lang='lat' dir='ltr'>‘de</span> <span class='ocrx_word' id='word_1_145' title='bbox 1028 2139 1144 2219; x_wconf 90' lang='lat' dir='ltr'>quibus</span> <span class='ocrx_word' id='word_1_146' title='bbox 1169 2141 1343 2222; x_wconf 85' lang='lat' dir='ltr'>(Abraham</span> 
     </span>
     <span class='ocr_line' id='line_1_18' title="bbox 191 2233 1341 2322; baseline 0.017 -26"><span class='ocrx_word' id='word_1_147' title='bbox 191 2233 282 2298; x_wconf 92' lang='grc'>16666</span> <span class='ocrx_word' id='word_1_148' title='bbox 302 2234 410 2322; x_wconf 82' lang='lat' dir='ltr'>Iacob)</span> <span class='ocrx_word' id='word_1_149' title='bbox 430 2237 509 2301; x_wconf 89' lang='lat' dir='ltr'>mihi</span> <span class='ocrx_word' id='word_1_150' title='bbox 528 2257 601 2302; x_wconf 85' lang='lat' dir='ltr'>curn</span> <span class='ocrx_word' id='word_1_151' title='bbox 620 2239 767 2321; x_wconf 85' lang='lat' dir='ltr'>frequens</span> <span class='ocrx_word' id='word_1_152' title='bbox 787 2244 943 2307; x_wconf 89' lang='lat' dir='ltr'>tractatus</span> <span class='ocrx_word' id='word_1_153' title='bbox 963 2245 1069 2322; x_wconf 87' lang='lat' dir='ltr'>fuerit,</span> <span class='ocrx_word' id='word_1_154' title='bbox 1095 2245 1215 2311; x_wconf 91' lang='lat' dir='ltr'>hodie</span> <span class='ocrx_word' id='word_1_155' title='bbox 1240 2253 1341 2315; x_wconf 92' lang='lat' dir='ltr'>sancti</span> 
     </span>
     <span class='ocr_line' id='line_1_19' title="bbox 191 2342 1341 2431; baseline 0.013 -26"><span class='ocrx_word' id='word_1_156' title='bbox 191 2342 309 2424; x_wconf 89' lang='lat' dir='ltr'>Ioseph</span> <span class='ocrx_word' id='word_1_157' title='bbox 333 2344 466 2408; x_wconf 87' lang='lat' dir='ltr'>historia</span> <span class='ocrx_word' id='word_1_158' title='bbox 489 2347 649 2414; x_wconf 64' lang='grc'>66666113</span> <span class='ocrx_word' id='word_1_159' title='bbox 673 2348 784 2412; x_wconf 89' lang='grc'>161616</span> <span class='ocrx_word' id='word_1_160' title='bbox 810 2369 845 2412; x_wconf 84' lang='lat' dir='ltr'>ex</span> <span class='ocrx_word' id='word_1_161' title='bbox 869 2351 914 2413; x_wconf 91' lang='grc'>616</span> <span class='ocrx_word' id='word_1_162' title='bbox 936 2370 1015 2431; x_wconf 91' lang='grc'>6666</span> <span class='ocrx_word' id='word_1_163' title='bbox 1034 2351 1079 2414; x_wconf 83' lang='grc'>111</span> <span class='ocrx_word' id='word_1_164' title='bbox 1100 2353 1129 2430; x_wconf 90' lang='grc'>6,</span> <span class='ocrx_word' id='word_1_165' title='bbox 1150 2355 1203 2419; x_wconf 89' lang='grc'>30.</span> <span class='ocrx_word' id='word_1_166' title='bbox 1224 2355 1277 2418; x_wconf 87' lang='grc'>33.</span> <span class='ocrx_word' id='word_1_167' title='bbox 1299 2358 1341 2421; x_wconf 88' lang='lat'>35</span> 
     </span>
     <span class='ocr_line' id='line_1_20' title="bbox 188 2449 1343 2544; baseline 0.015 -33"><span class='ocrx_word' id='word_1_168' title='bbox 188 2449 343 2533; x_wconf 85' lang='lat' dir='ltr'>leguntur</span> <span class='ocrx_word' id='word_1_169' title='bbox 365 2452 570 2517; x_wconf 88' lang='lat' dir='ltr'>manifestum</span> <span class='ocrx_word' id='word_1_170' title='bbox 595 2456 645 2518; x_wconf 90' lang='grc'>661</span> <span class='ocrx_word' id='word_1_171' title='bbox 667 2454 871 2520; x_wconf 83' lang='lat' dir='ltr'>Ambrosium</span> <span class='ocrx_word' id='word_1_172' title='bbox 901 2457 951 2520; x_wconf 91' lang='lat' dir='ltr'>his</span> <span class='ocrx_word' id='word_1_173' title='bbox 975 2458 1055 2522; x_wconf 88' lang='lat' dir='ltr'>locis</span> <span class='ocrx_word' id='word_1_174' title='bbox 1080 2461 1175 2537; x_wconf 88' lang='lat' dir='ltr'>tecte,</span> <span class='ocrx_word' id='word_1_175' title='bbox 1200 2461 1232 2524; x_wconf 91' lang='lat' dir='ltr'>id</span> <span class='ocrx_word' id='word_1_176' title='bbox 1257 2464 1343 2544; x_wconf 90' lang='lat' dir='ltr'>quod</span> 
     </span>
     <span class='ocr_line' id='line_1_21' title="bbox 191 2559 1342 2646; baseline 0.01 -24"><span class='ocrx_word' id='word_1_177' title='bbox 191 2559 366 2624; x_wconf 90' lang='lat' dir='ltr'>orationem</span> <span class='ocrx_word' id='word_1_178' title='bbox 396 2579 515 2626; x_wconf 88' lang='lat' dir='ltr'>sacram</span> <span class='ocrx_word' id='word_1_179' title='bbox 546 2563 687 2640; x_wconf 83' lang='lat' dir='ltr'>decebat,</span> <span class='ocrx_word' id='word_1_180' title='bbox 713 2561 924 2646; x_wconf 82' lang='lat' dir='ltr'>Calligonum,</span> <span class='ocrx_word' id='word_1_181' title='bbox 953 2566 1172 2645; x_wconf 89' lang='lat' dir='ltr'>praepositum</span> <span class='ocrx_word' id='word_1_182' title='bbox 1201 2568 1342 2634; x_wconf 89' lang='lat' dir='ltr'>cubiculi</span> 
     </span>
     <span class='ocr_line' id='line_1_22' title="bbox 190 2666 1341 2755; baseline 0.009 -25"><span class='ocrx_word' id='word_1_183' title='bbox 190 2666 406 2731; x_wconf 87' lang='lat' dir='ltr'>Ualentiniani</span> <span class='ocrx_word' id='word_1_184' title='bbox 429 2671 570 2737; x_wconf 82' lang='grc'>16616616.</span> <span class='ocrx_word' id='word_1_185' title='bbox 597 2670 838 2754; x_wconf 85' lang='lat' dir='ltr'>significauisse.</span> <span class='ocrx_word' id='word_1_186' title='bbox 853 2671 877 2755; x_wconf 83' lang='lat' dir='ltr'>l)</span> <span class='ocrx_word' id='word_1_187' title='bbox 904 2669 985 2735; x_wconf 91' lang='grc'>6116</span> <span class='ocrx_word' id='word_1_188' title='bbox 1010 2671 1094 2753; x_wconf 92' lang='grc'>6661</span> <span class='ocrx_word' id='word_1_189' title='bbox 1119 2673 1225 2737; x_wconf 86' lang='lat' dir='ltr'>uerbis</span> <span class='ocrx_word' id='word_1_190' title='bbox 1247 2675 1277 2749; x_wconf 83' lang='lat' dir='ltr'>b,</span> <span class='ocrx_word' id='word_1_191' title='bbox 1298 2677 1341 2740; x_wconf 89' lang='lat'>30</span> 
     </span>
     <span class='ocr_line' id='line_1_23' title="bbox 188 2773 1342 2860; baseline 0.008 -24"><span class='ocrx_word' id='word_1_192' title='bbox 188 2773 393 2839; x_wconf 76' lang='lat' dir='ltr'>‘meministis</span> <span class='ocrx_word' id='word_1_193' title='bbox 427 2780 509 2842; x_wconf 89' lang='lat' dir='ltr'>certe</span> <span class='ocrx_word' id='word_1_194' title='bbox 543 2777 712 2841; x_wconf 89' lang='lat' dir='ltr'>uerborum</span> <span class='ocrx_word' id='word_1_195' title='bbox 745 2783 898 2840; x_wconf 87' lang='lat' dir='ltr'>meorum’</span> <span class='ocrx_word' id='word_1_196' title='bbox 936 2776 1128 2841; x_wconf 81' lang='lat' dir='ltr'>Ambrosius</span> <span class='ocrx_word' id='word_1_197' title='bbox 1167 2779 1342 2860; x_wconf 88' lang='lat' dir='ltr'>adpellauit</span> 
     </span>
     <span class='ocr_line' id='line_1_24' title="bbox 188 2883 1339 2966; baseline 0.004 -20"><span class='ocrx_word' id='word_1_198' title='bbox 188 2883 356 2948; x_wconf 85' lang='lat' dir='ltr'>audientes</span> <span class='ocrx_word' id='word_1_199' title='bbox 390 2889 484 2966; x_wconf 91' lang='lat' dir='ltr'>atque</span> <span class='ocrx_word' id='word_1_200' title='bbox 519 2886 547 2964; x_wconf 84' lang='lat'>7,</span> <span class='ocrx_word' id='word_1_201' title='bbox 572 2885 614 2948; x_wconf 82' lang='grc'>38</span> <span class='ocrx_word' id='word_1_202' title='bbox 639 2886 684 2949; x_wconf 89' lang='grc'>116</span> <span class='ocrx_word' id='word_1_203' title='bbox 707 2885 747 2948; x_wconf 89' lang='grc'>16</span> <span class='ocrx_word' id='word_1_204' title='bbox 770 2904 804 2948; x_wconf 89' lang='grc'>66</span> <span class='ocrx_word' id='word_1_205' title='bbox 836 2887 965 2949; x_wconf 88' lang='grc'>1666166</span> <span class='ocrx_word' id='word_1_206' title='bbox 1001 2887 1060 2954; x_wconf 86' lang='grc'>661,</span> <span class='ocrx_word' id='word_1_207' title='bbox 1089 2889 1125 2947; x_wconf 92' lang='grc'>61</span> <span class='ocrx_word' id='word_1_208' title='bbox 1155 2885 1339 2966; x_wconf 90' lang='lat' dir='ltr'>episcopum</span> 
     </span>
     <span class='ocr_line' id='line_1_25' title="bbox 188 2991 1339 3074; baseline 0.003 -20"><span class='ocrx_word' id='word_1_209' title='bbox 188 2991 267 3056; x_wconf 89' lang='lat' dir='ltr'>baec</span> <span class='ocrx_word' id='word_1_210' title='bbox 292 2991 323 3055; x_wconf 94' lang='lat' dir='ltr'>in</span> <span class='ocrx_word' id='word_1_211' title='bbox 349 2992 487 3056; x_wconf 89' lang='lat' dir='ltr'>oratione</span> <span class='ocrx_word' id='word_1_212' title='bbox 512 3011 600 3056; x_wconf 87' lang='grc'>66666</span> <span class='ocrx_word' id='word_1_213' title='bbox 623 2992 894 3074; x_wconf 88' lang='grc'>666161166616616</span> <span class='ocrx_word' id='word_1_214' title='bbox 914 2991 1021 3055; x_wconf 82' lang='grc'>666116</span> <span class='ocrx_word' id='word_1_215' title='bbox 1042 2991 1238 3058; x_wconf 88' lang='lat' dir='ltr'>edoceamur.</span> <span class='ocrx_word' id='word_1_216' title='bbox 1259 2992 1339 3058; x_wconf 91' lang='lat' dir='ltr'>llbro</span> 
     </span>
     <span class='ocr_line' id='line_1_26' title="bbox 189 3095 1340 3181; baseline 0.001 -19"><span class='ocrx_word' id='word_1_217' title='bbox 189 3102 297 3163; x_wconf 85' lang='lat' dir='ltr'>autern</span> <span class='ocrx_word' id='word_1_218' title='bbox 331 3098 369 3161; x_wconf 90' lang='grc'>16</span> <span class='ocrx_word' id='word_1_219' title='bbox 401 3099 526 3180; x_wconf 86' lang='lat' dir='ltr'>Ioseph,</span> <span class='ocrx_word' id='word_1_220' title='bbox 559 3102 596 3161; x_wconf 92' lang='lat' dir='ltr'>ut</span> <span class='ocrx_word' id='word_1_221' title='bbox 627 3099 658 3162; x_wconf 90' lang='lat' dir='ltr'>in</span> <span class='ocrx_word' id='word_1_222' title='bbox 691 3098 856 3181; x_wconf 86' lang='lat' dir='ltr'>pristinam</span> <span class='ocrx_word' id='word_1_223' title='bbox 890 3095 1107 3180; x_wconf 85' lang='lat' dir='ltr'>integritatem</span> <span class='ocrx_word' id='word_1_224' title='bbox 1140 3098 1340 3180; x_wconf 81' lang='lat' dir='ltr'>rest‘tuatur‚</span> 
     </span>
     <span class='ocr_line' id='line_1_27' title="bbox 188 3203 1338 3289; baseline -0.001 -19"><span class='ocrx_word' id='word_1_225' title='bbox 188 3206 409 3289; x_wconf 85' lang='lat' dir='ltr'>adiungendus</span> <span class='ocrx_word' id='word_1_226' title='bbox 439 3208 487 3269; x_wconf 91' lang='lat' dir='ltr'>est</span> <span class='ocrx_word' id='word_1_227' title='bbox 514 3205 655 3280; x_wconf 89' lang='lat' dir='ltr'>libellus,</span> <span class='ocrx_word' id='word_1_228' title='bbox 684 3205 738 3287; x_wconf 90' lang='lat' dir='ltr'>qui</span> <span class='ocrx_word' id='word_1_229' title='bbox 765 3205 797 3268; x_wconf 92' lang='grc'>16</span> <span class='ocrx_word' id='word_1_230' title='bbox 827 3205 935 3268; x_wconf 90' lang='grc'>661166</span> <span class='ocrx_word' id='word_1_231' title='bbox 966 3203 1189 3284; x_wconf 89' lang='lat' dir='ltr'>antiquissimo</span> <span class='ocrx_word' id='word_1_232' title='bbox 1215 3207 1247 3268; x_wconf 88' lang='lat' dir='ltr'>et</span> <span class='ocrx_word' id='word_1_233' title='bbox 1270 3207 1338 3287; x_wconf 92' lang='lat' dir='ltr'>qui-</span> 
     </span>
     <span class='ocr_line' id='line_1_28' title="bbox 186 3309 1338 3395; baseline -0.002 -17"><span class='ocrx_word' id='word_1_234' title='bbox 186 3314 323 3378; x_wconf 88' lang='lat' dir='ltr'>busdam</span> <span class='ocrx_word' id='word_1_235' title='bbox 347 3313 412 3395; x_wconf 83' lang='grc'>,661</span> <span class='ocrx_word' id='word_1_236' title='bbox 445 3333 481 3376; x_wconf 83' lang='lat' dir='ltr'>er</span> <span class='ocrx_word' id='word_1_237' title='bbox 514 3331 550 3377; x_wconf 91' lang='lat' dir='ltr'>eo</span> <span class='ocrx_word' id='word_1_238' title='bbox 583 3313 740 3376; x_wconf 80' lang='lat' dir='ltr'>fluxerunt</span> <span class='ocrx_word' id='word_1_239' title='bbox 763 3311 811 3375; x_wconf 88' lang='lat' dir='ltr'>‘de</span> <span class='ocrx_word' id='word_1_240' title='bbox 844 3309 1055 3392; x_wconf 70' lang='lat' dir='ltr'>patriarchis,</span> <span class='ocrx_word' id='word_1_241' title='bbox 1081 3310 1112 3372; x_wconf 94' lang='lat' dir='ltr'>in</span> <span class='ocrx_word' id='word_1_242' title='bbox 1146 3311 1260 3374; x_wconf 88' lang='lat' dir='ltr'>ceteris</span> <span class='ocrx_word' id='word_1_243' title='bbox 1288 3312 1338 3377; x_wconf 87' lang='lat' dir='ltr'>‘de</span> 
     </span>
     <span class='ocr_line' id='line_1_29' title="bbox 185 3415 1336 3502; baseline -0.003 -18"><span class='ocrx_word' id='word_1_244' title='bbox 185 3419 463 3485; x_wconf 86' lang='lat' dir='ltr'>benedictionibus</span> <span class='ocrx_word' id='word_1_245' title='bbox 478 3419 736 3502; x_wconf 86' lang='lat' dir='ltr'>patriarcharum’</span> <span class='ocrx_word' id='word_1_246' title='bbox 750 3416 942 3480; x_wconf 89' lang='lat' dir='ltr'>inscribitur.</span> <span class='ocrx_word' id='word_1_247' title='bbox 957 3416 1046 3496; x_wconf 88' lang='lat' dir='ltr'>patet</span> <span class='ocrx_word' id='word_1_248' title='bbox 1061 3415 1144 3478; x_wconf 89' lang='lat' dir='ltr'>enim</span> <span class='ocrx_word' id='word_1_249' title='bbox 1160 3433 1336 3480; x_wconf 89' lang='lat' dir='ltr'>sermonem</span> 
     </span>
     <span class='ocr_line' id='line_1_30' title="bbox 186 3521 1336 3608; baseline 0 -19"><span class='ocrx_word' id='word_1_250' title='bbox 186 3527 327 3608; x_wconf 86' lang='lat' dir='ltr'>quidem,</span> <span class='ocrx_word' id='word_1_251' title='bbox 351 3546 413 3592; x_wconf 91' lang='grc'>666</span> <span class='ocrx_word' id='word_1_252' title='bbox 436 3527 553 3592; x_wconf 90' lang='lat' dir='ltr'>librum</span> <span class='ocrx_word' id='word_1_253' title='bbox 572 3525 617 3588; x_wconf 90' lang='lat' dir='ltr'>eis</span> <span class='ocrx_word' id='word_1_254' title='bbox 637 3525 742 3588; x_wconf 88' lang='lat' dir='ltr'>uerbis</span> <span class='ocrx_word' id='word_1_255' title='bbox 763 3523 908 3588; x_wconf 89' lang='lat' dir='ltr'>concludi</span> <span class='ocrx_word' id='word_1_256' title='bbox 929 3521 1084 3604; x_wconf 87' lang='lat' dir='ltr'>potuisse,</span> <span class='ocrx_word' id='word_1_257' title='bbox 1105 3523 1234 3601; x_wconf 87' lang='lat' dir='ltr'>quaein</span> <span class='ocrx_word' id='word_1_258' title='bbox 1255 3523 1336 3589; x_wconf 92' lang='lat' dir='ltr'>libro</span> 
     </span>
     <span class='ocr_line' id='line_1_31' title="bbox 186 3630 1335 3718; baseline -0.004 -20"><span class='ocrx_word' id='word_1_259' title='bbox 186 3635 225 3698; x_wconf 95' lang='lat' dir='ltr'>de</span> <span class='ocrx_word' id='word_1_260' title='bbox 241 3635 358 3716; x_wconf 89' lang='lat' dir='ltr'>Ioseph</span> <span class='ocrx_word' id='word_1_261' title='bbox 378 3634 490 3698; x_wconf 88' lang='lat' dir='ltr'>ultimo</span> <span class='ocrx_word' id='word_1_262' title='bbox 508 3635 670 3716; x_wconf 83' lang='lat' dir='ltr'>leguntur.</span> <span class='ocrx_word' id='word_1_263' title='bbox 685 3632 709 3718; x_wconf 75' lang='grc'>2)</span> <span class='ocrx_word' id='word_1_264' title='bbox 730 3635 825 3714; x_wconf 86' lang='grc'>61666</span> <span class='ocrx_word' id='word_1_265' title='bbox 841 3630 1065 3695; x_wconf 70' lang='lat' dir='ltr'>cassiodorum</span> <span class='ocrx_word' id='word_1_266' title='bbox 1087 3630 1172 3693; x_wconf 89' lang='lat' dir='ltr'>hunc</span> <span class='ocrx_word' id='word_1_267' title='bbox 1192 3633 1224 3693; x_wconf 88' lang='lat' dir='ltr'>et</span> <span class='ocrx_word' id='word_1_268' title='bbox 1243 3631 1335 3693; x_wconf 89' lang='lat' dir='ltr'>illum</span> 
     </span>
    </p>
   </div>
   <div class='ocr_carea' id='block_1_3' title="bbox 182 3801 1338 4314">
    <p class='ocr_par' dir='ltr' id='par_1_3' title="bbox 182 3801 1336 4144">
     <span class='ocr_line' id='line_1_32' title="bbox 230 3801 1335 3876; baseline -0.007 -14"><span class='ocrx_word' id='word_1_269' title='bbox 230 3807 252 3876; x_wconf 84' lang='lat'>¹)</span> <span class='ocrx_word' id='word_1_270' title='bbox 273 3808 304 3862; x_wconf 88' lang='lat' dir='ltr'>cf.</span> <span class='ocrx_word' id='word_1_271' title='bbox 324 3808 361 3862; x_wconf 84' lang='lat' dir='ltr'>M.</span> <span class='ocrx_word' id='word_1_272' title='bbox 380 3808 440 3861; x_wconf 89' lang='lat' dir='ltr'>Ihm</span> <span class='ocrx_word' id='word_1_273' title='bbox 460 3807 536 3861; x_wconf 85' lang='lat' dir='ltr'>Stud.</span> <span class='ocrx_word' id='word_1_274' title='bbox 556 3805 679 3860; x_wconf 81' lang='lat' dir='ltr'>Ambros.</span> <span class='ocrx_word' id='word_1_275' title='bbox 699 3805 767 3862; x_wconf 82' lang='lat' dir='ltr'>Arm.</span> <span class='ocrx_word' id='word_1_276' title='bbox 787 3806 853 3875; x_wconf 86' lang='lat' dir='ltr'>phil.</span> <span class='ocrx_word' id='word_1_277' title='bbox 873 3805 959 3874; x_wconf 88' lang='lat' dir='ltr'>suppl.</span> <span class='ocrx_word' id='word_1_278' title='bbox 975 3803 1053 3857; x_wconf 84' lang='lat' dir='ltr'>XVII</span> <span class='ocrx_word' id='word_1_279' title='bbox 1069 3803 1102 3856; x_wconf 87' lang='grc'>16</span> <span class='ocrx_word' id='word_1_280' title='bbox 1122 3818 1160 3870; x_wconf 86' lang='lat' dir='ltr'>sq.</span> <span class='ocrx_word' id='word_1_281' title='bbox 1180 3801 1261 3870; x_wconf 82' lang='lat' dir='ltr'>longe</span> <span class='ocrx_word' id='word_1_282' title='bbox 1281 3802 1335 3855; x_wconf 88' lang='grc'>6116</span> 
     </span>
     <span class='ocr_line' id='line_1_33' title="bbox 183 3891 1335 3965; baseline -0.005 -13"><span class='ocrx_word' id='word_1_283' title='bbox 183 3898 266 3952; x_wconf 88' lang='lat' dir='ltr'>modo</span> <span class='ocrx_word' id='word_1_284' title='bbox 294 3896 328 3950; x_wconf 90' lang='lat' dir='ltr'>de</span> <span class='ocrx_word' id='word_1_285' title='bbox 357 3897 451 3950; x_wconf 91' lang='lat' dir='ltr'>eadem</span> <span class='ocrx_word' id='word_1_286' title='bbox 477 3913 506 3951; x_wconf 89' lang='lat' dir='ltr'>re</span> <span class='ocrx_word' id='word_1_287' title='bbox 533 3896 654 3965; x_wconf 86' lang='lat' dir='ltr'>loquitur</span> <span class='ocrx_word' id='word_1_288' title='bbox 681 3895 838 3950; x_wconf 84' lang='lat' dir='ltr'>Ambrosius</span> <span class='ocrx_word' id='word_1_289' title='bbox 866 3895 895 3948; x_wconf 94' lang='lat' dir='ltr'>in</span> <span class='ocrx_word' id='word_1_290' title='bbox 924 3894 1056 3962; x_wconf 89' lang='lat' dir='ltr'>epistulae</span> <span class='ocrx_word' id='word_1_291' title='bbox 1085 3891 1120 3946; x_wconf 85' lang='lat' dir='ltr'>cd</span> <span class='ocrx_word' id='word_1_292' title='bbox 1147 3891 1335 3946; x_wconf 83' lang='lat' dir='ltr'>Mareellinam</span> 
     </span>
     <span class='ocr_line' id='line_1_34' title="bbox 185 3979 1336 4055; baseline -0.01 -12"><span class='ocrx_word' id='word_1_293' title='bbox 185 4005 313 4050; x_wconf 87' lang='lat' dir='ltr'>sororem,</span> <span class='ocrx_word' id='word_1_294' title='bbox 339 4003 407 4055; x_wconf 90' lang='grc'>6666</span> <span class='ocrx_word' id='word_1_295' title='bbox 429 3987 659 4041; x_wconf 86' lang='lat' dir='ltr'>inMaurinorum</span> <span class='ocrx_word' id='word_1_296' title='bbox 683 3985 803 4039; x_wconf 88' lang='lat' dir='ltr'>editione</span> <span class='ocrx_word' id='word_1_297' title='bbox 828 3987 870 4038; x_wconf 88' lang='lat' dir='ltr'>est</span> <span class='ocrx_word' id='word_1_298' title='bbox 893 3983 1031 4048; x_wconf 87' lang='lat' dir='ltr'>uicesima,</span> <span class='ocrx_word' id='word_1_299' title='bbox 1057 3985 1123 4037; x_wconf 89' lang='grc'>6661.</span> <span class='ocrx_word' id='word_1_300' title='bbox 1149 3979 1191 4034; x_wconf 85' lang='grc'>28.</span> <span class='ocrx_word' id='word_1_301' title='bbox 1217 3981 1336 4033; x_wconf 89' lang='lat' dir='ltr'>ceterum</span> 
     </span>
     <span class='ocr_line' id='line_1_35' title="bbox 182 4070 1221 4144; baseline -0.013 -12"><span class='ocrx_word' id='word_1_302' title='bbox 182 4080 213 4132; x_wconf 93' lang='lat' dir='ltr'>in</span> <span class='ocrx_word' id='word_1_303' title='bbox 233 4079 298 4131; x_wconf 87' lang='lat' dir='ltr'>sect.</span> <span class='ocrx_word' id='word_1_304' title='bbox 318 4077 352 4128; x_wconf 79' lang='lat'>28</span> <span class='ocrx_word' id='word_1_305' title='bbox 371 4077 433 4129; x_wconf 91' lang='lat' dir='ltr'>libri</span> <span class='ocrx_word' id='word_1_306' title='bbox 453 4076 486 4129; x_wconf 89' lang='lat' dir='ltr'>de</span> <span class='ocrx_word' id='word_1_307' title='bbox 504 4075 603 4144; x_wconf 86' lang='lat' dir='ltr'>Ioseph</span> <span class='ocrx_word' id='word_1_308' title='bbox 622 4075 702 4128; x_wconf 86' lang='lat' dir='ltr'>simul</span> <span class='ocrx_word' id='word_1_309' title='bbox 720 4074 853 4127; x_wconf 88' lang='lat' dir='ltr'>Iustinam</span> <span class='ocrx_word' id='word_1_310' title='bbox 873 4071 1010 4140; x_wconf 84' lang='lat' dir='ltr'>designari</span> <span class='ocrx_word' id='word_1_311' title='bbox 1030 4072 1152 4139; x_wconf 87' lang='lat' dir='ltr'>apertum</span> <span class='ocrx_word' id='word_1_312' title='bbox 1174 4070 1221 4122; x_wconf 90' lang='lat' dir='ltr'>est.</span> 
     </span>
    </p>

    <p class='ocr_par' dir='ltr' id='par_1_4' title="bbox 182 4156 1338 4314">
     <span class='ocr_line' id='line_1_36' title="bbox 231 4156 1338 4234; baseline -0.008 -13"><span class='ocrx_word' id='word_1_313' title='bbox 231 4166 252 4234; x_wconf 87' lang='lat'>²)</span> <span class='ocrx_word' id='word_1_314' title='bbox 270 4166 396 4221; x_wconf 85' lang='lat' dir='ltr'>artiorem</span> <span class='ocrx_word' id='word_1_315' title='bbox 411 4167 481 4218; x_wconf 89' lang='lat' dir='ltr'>inter</span> <span class='ocrx_word' id='word_1_316' title='bbox 494 4165 566 4218; x_wconf 89' lang='lat' dir='ltr'>hunc</span> <span class='ocrx_word' id='word_1_317' title='bbox 580 4164 678 4218; x_wconf 90' lang='lat' dir='ltr'>librum</span> <span class='ocrx_word' id='word_1_318' title='bbox 695 4165 722 4216; x_wconf 91' lang='lat' dir='ltr'>et</span> <span class='ocrx_word' id='word_1_319' title='bbox 737 4179 798 4216; x_wconf 90' lang='lat' dir='ltr'>eum</span> <span class='ocrx_word' id='word_1_320' title='bbox 813 4163 859 4230; x_wconf 89' lang='grc'>661</span> <span class='ocrx_word' id='word_1_321' title='bbox 875 4161 908 4214; x_wconf 88' lang='grc'>16</span> <span class='ocrx_word' id='word_1_322' title='bbox 923 4158 1021 4230; x_wconf 88' lang='lat' dir='ltr'>Ioseph</span> <span class='ocrx_word' id='word_1_323' title='bbox 1037 4158 1194 4212; x_wconf 86' lang='lat' dir='ltr'>inscribitur</span> <span class='ocrx_word' id='word_1_324' title='bbox 1204 4156 1338 4212; x_wconf 84' lang='lat' dir='ltr'>rationem</span> 
     </span>
     <span class='ocr_line' id='line_1_37' title="bbox 182 4244 1334 4314; baseline -0.013 -1"><span class='ocrx_word' id='word_1_325' title='bbox 182 4257 352 4313; x_wconf 85' lang='lat' dir='ltr'>intercedere</span> <span class='ocrx_word' id='word_1_326' title='bbox 371 4257 425 4310; x_wconf 87' lang='lat' dir='ltr'>iarn</span> <span class='ocrx_word' id='word_1_327' title='bbox 442 4254 547 4309; x_wconf 87' lang='lat' dir='ltr'>librarii</span> <span class='ocrx_word' id='word_1_328' title='bbox 566 4255 681 4308; x_wconf 87' lang='lat' dir='ltr'>sensisse</span> <span class='ocrx_word' id='word_1_329' title='bbox 701 4251 835 4308; x_wconf 85' lang='lat' dir='ltr'>uidentur.</span> <span class='ocrx_word' id='word_1_330' title='bbox 856 4253 928 4304; x_wconf 88' lang='lat' dir='ltr'>certe</span> <span class='ocrx_word' id='word_1_331' title='bbox 946 4250 975 4303; x_wconf 91' lang='lat' dir='ltr'>in</span> <span class='ocrx_word' id='word_1_332' title='bbox 990 4248 1126 4302; x_wconf 86' lang='lat' dir='ltr'>Perisiaco</span> <span class='ocrx_word' id='word_1_333' title='bbox 1142 4244 1334 4314; x_wconf 81' lang='lat' dir='ltr'>bybliothecae</span> 
     </span>
    </p>
   </div>
   <div class='ocr_carea' id='block_1_4' title="bbox 1262 4351 1293 4402">
    <p class='ocr_par' dir='ltr' id='par_1_5' title="bbox 1262 4351 1293 4402">
     <span class='ocr_line' id='line_1_38' title="bbox 1262 4351 1293 4402; baseline 0 -24"><span class='ocrx_word' id='word_1_334' title='bbox 1262 4351 1293 4402; x_wconf 67' lang='lat' dir='ltr'>a*</span> 
     </span>
    </p>
   </div>
   <div class='ocr_carea' id='block_1_5' title="bbox 0 0 1666 4914">
    <p class='ocr_par' dir='ltr' id='par_1_6' title="bbox 0 0 1666 4914">
     <span class='ocr_line' id='line_1_39' title="bbox 0 0 1666 4914; baseline 0 5"><span class='ocrx_word' id='word_1_335' title='bbox 0 0 1666 4914; x_wconf 95' lang='lat' dir='ltr'> </span> 
     </span>
    </p>
   </div>
  </div>
 </body>
</html>
