3322 4914
695 325 813 398 Praei
822 325 913 379 etio.
1222 327 1378 391 XXVIIII

229 519 370 584 uindicet
393 522 430 584 ut
452 519 566 602 possit,
587 538 637 581 me
661 518 782 582 nescire
805 519 941 602 ingenue
960 519 1069 584 fateor.
1093 537 1164 582 nam
1185 537 1376 601 quamquam

229 626 358 690 tertium
379 629 410 690 et
430 629 576 708 quartum
593 628 795 708 praeceptum
815 625 948 708 quodam
968 625 1062 689 modo
1083 625 1284 690 consentiunt
1303 643 1374 688 cum

230 733 275 797 eis
300 751 380 814 quae
405 733 489 816 aprrd
509 731 680 797 Stobaeum
699 731 783 798 Flor.
803 733 851 796 111
871 733 911 796 79
931 753 948 810 γ
968 733 997 818 (I
1017 734 1080 797 172
1099 753 1116 810 γ
1135 729 1194 816 Η.)
1213 731 1373 814 leguntur,

227 839 412 921 praesertim
452 839 478 902 61
515 836 719 902 Ambrosium
757 833 954 900 ἀπαλλάσσου
995 839 1114 921 legisse
1157 837 1373 920 suspiceris,¹)

226 953 333 1009 tamen
367 944 613 1009 conformatione
646 943 813 1018 rhetorica,
848 962 927 1025 quae
965 944 1099 1028 figuram
1135 945 1284 1028 κλίμακος
1320 945 1374 1008 661

228 1070 378 1116 ascensus
412 1050 561 1128 ostendit,
597 1069 670 1114 eum
708 1048 769 1112 alio
806 1050 893 1114 fonte
931 1069 1024 1114 usum
1064 1070 1134 1115 6666
1167 1051 1374 1115 demonstrari

226 1157 362 1222 uidetur.
379 1155 542 1238 ,Odyssiae
565 1174 696 1220 uersum
721 1155 795 1235 623,
821 1157 860 1218 21
887 1175 905 1219 6
928 1156 1059 1221 Philone
1085 1157 1213 1236 Quaest.
1236 1158 1268 1221 in
1294 1157 1371 1224 Gen.

226 1263 339 1328 11116
368 1265 534 1327 66666666
563 1269 621 1327 est.
661 1262 794 1347 Uergilii
821 1264 1060 1328 hemistichium
1083 1266 1241 1350 integrum
1265 1266 1371 1330 uerbis

226 1369 282 1433 ‘ait
306 1369 446 1452 quidam’
469 1369 600 1433 adiectis
625 1369 742 1432 adtulit
765 1370 841 1448 567,
866 1372 896 1445 8,
922 1371 1056 1453 denique
1081 1375 1201 1454 septem
1225 1372 1304 1436 locis
1336 1391 1372 1435 er

227 1495 262 1541 eo
289 1475 439 1541 orationis
464 1479 681 1541 ornamentum
705 1477 874 1558 quaesiuit.
884 1477 908 1560 ²)

269 1583 383 1647 Restat
410 1587 448 1646 ut
477 1583 587 1646 eodem
610 1582 703 1646 modo
727 1581 759 1646 in
786 1583 884 1647 libros
913 1585 957 1648 de
985 1585 1100 1649 Isaac
1129 1587 1167 1648 et
1195 1585 1239 1648 de
1268 1585 1369 1649 6666

224 1689 368 1753 mortis
392 1687 588 1771 inquiramus
613 1706 729 1771 magna
751 1688 832 1753 inter
856 1709 889 1754 66
913 1689 1145 1754 necessitudine
1169 1691 1367 1765 coniunctos;

225 1815 297 1860 nam
325 1794 406 1858 liber
434 1795 471 1858 de
502 1795 584 1858 bono
608 1794 720 1859 mortis
744 1796 907 1877 tamquam
932 1797 1031 1860 altera
1053 1814 1125 1880 pars
1150 1799 1200 1860 est
1223 1797 1369 1880 opusculi

224 1902 262 1966 de
293 1902 394 1966 Isaac.
435 1903 467 1965 et
495 1901 636 1983 primum
670 1902 708 1965 de
735 1901 940 1984 inscriptione
968 1901 1065 1967 huius
1092 1903 1183 1967 nobis
1213 1903 1369 1986 agendum

225 2009 283 2072 est.
317 2006 434 2070 etenim
466 2006 667 2089 Augustinus
701 2010 809 2071 contra
835 2007 896 2071 161.
926 2008 1033 2092 Pelag.
1060 2010 1077 2073 Ι
1101 2009 1130 2086 8,
1155 2008 1198 2071 44
1227 2012 1259 2072 66
1280 2009 1313 2072 11
1337 2010 1366 2084 5,

225 2113 310 2200 last)
335 2113 449 2194 quibus
473 2112 554 2176 locis
578 2114 646 2177 eius
667 2114 857 2178 mentionem
876 2113 963 2192 lecit,
982 2114 1051 2180 loco
1071 2113 1172 2198 priore
1191 2115 1241 2178 his
1260 2115 1366 2178 uerbis
1389 2167 1392 2171 .

221 2241 300 2287 usus
335 2217 408 2284 esta
431 2220 472 2283 ‘in
506 2239 542 2284 eo
575 2219 666 2298 libro,
698 2239 791 2303 quem
825 2221 862 2285 de
895 2222 984 2285 16666
1018 2225 1049 2285 66
1082 2221 1186 2285 66166
1218 2221 1365 2303 scripsit’,

223 2329 321 2392 altero
354 2325 419 2389 his:
453 2326 493 2388 ‘in
522 2325 602 2390 libro
633 2326 782 2392 6616666
807 2329 987 2392 6666166.
1025 2347 1161 2409 quocum
1186 2328 1368 2412 conspirant

222 2434 347 2498 codices
379 2432 539 2514 permulti,
572 2433 604 2496 in
638 2433 753 2515 quibus
786 2433 965 2498 Parisiacus
999 2437 1085 2500 1913
1124 2436 1243 2500 6666611
1274 2435 1367 2499 VHII

220 2540 357 2621 primum
390 2539 498 2604 locum
533 2539 663 2603 obtinet.
699 2539 754 2602 sed
781 2539 1124 2622 Andomaropolitanus
1154 2543 1206 2620 72,
1233 2542 1366 2624 661611-

222 2649 338 2727 quanto
358 2645 516 2726 antiquior
532 2646 691 2710 Parisiaco
712 2649 769 2723 est,
789 2646 869 2710 hanc
888 2647 1126 2730 inscriptionem
1145 2650 1296 2713 testatur:
1316 2649 1365 2712 ‘de

220 2754 310 2818 Isaac
338 2753 391 2816 uel
419 2751 576 2838 anima'l).
603 2772 709 2834 qnam,
738 2772 811 2816 cum
838 2752 889 2818 hic
918 2754 1045 2818 maioris
1075 2754 1236 2835 aliquanto
1271 2773 1365 2837 quam

220 2860 316 2924 frater
343 2861 411 2924 eins
440 2861 585 2943 geminus
611 2859 792 2922 Parisiacus
821 2860 1019 2924 auctoritatis
1051 2861 1102 2939 sit,
1129 2860 1364 2942 praeferendam

221 2985 292 3030 esse
324 2971 413 3050 puto.
452 2985 643 3048 quamquam
675 2985 726 3029 me
759 2985 820 3030 non
853 2967 937 3050 fugit
964 2967 1031 3031 ueri
1063 2967 1260 3032 simillimum
1295 2986 1364 3031 esse

219 3073 303 3137 hunc
325 3073 469 3138 libellum
493 3072 641 3155 primitus
666 3071 852 3154 simpliciter
870 3072 919 3137 ‘de
937 3074 1037 3137 Isaac'
1054 3073 1244 3157 inscriptum
1263 3073 1364 3138 fuisse

220 3199 255 3244 ac
280 3179 390 3243 deinde
414 3179 453 3243 ad
477 3183 700 3261 argumentum
724 3180 792 3243 6166
817 3179 1049 3262 designandum
1075 3181 1204 3243 alteram
1232 3179 1364 3260 inscrip-

218 3287 335 3350 tionem
360 3287 423 3349 ‘uel
447 3284 560 3348 anima‘
584 3285 653 3350 6166
677 3289 720 3349 ‘et
743 3285 857 3348 anima'
882 3285 1066 3350 6666661666.
1104 3285 1194 3348 61666
1225 3303 1285 3349 666
1310 3285 1361 3348 66-

219 3392 355 3456 similem
381 3411 450 3456 esse
474 3411 540 3455 rem
565 3391 594 3454 61
617 3411 712 3473 quam
736 3411 840 3475 supra,
860 3391 916 3455 ubi
939 3391 1082 3455 libellum
1105 3392 1141 3456 66
1160 3391 1228 3456 Noe
1247 3395 1362 3456 tracta·

263 3598 285 3668 1)
302 3599 356 3652 uisi
373 3598 443 3652 forte
461 3599 618 3652 Ambrosius
639 3597 843 3652 hnulloloceohor
860 3599 929 3654 falso
948 3600 1143 3669 interpretatus
1163 3603 1211 3653 est.

262 3687 284 3756 2)
304 3687 336 3740 cf.
356 3689 417 3752 567,
437 3687 467 3750 83
487 3686 549 3752 580,
567 3689 596 3751 53
617 3686 679 3752 582,
698 3688 727 3750 7;
748 3688 808 3751 619,
828 3689 857 3753 3;
877 3689 938 3749 632,
958 3689 1005 3753 20;
1025 3689 1086 3751 635,
1106 3691 1134 3752 4;
1156 3690 1215 3751 637,
1235 3691 1259 3743 5,

262 3773 283 3846 ³)
302 3779 410 3844 praeter
428 3775 477 3828 hos
495 3775 569 3828 locos
588 3774 611 3828 is
630 3773 700 3828 liber
717 3774 843 3829 laudatur
862 3776 895 3829 ab
915 3776 1069 3846 Augustino
1089 3781 1181 3831 contra
1199 3775 1251 3833 Iul.
1265 3779 1358 3847 Pelag.

215 3863 259 3918 III
279 3863 321 3926 14,
341 3863 374 3916 28
395 3867 422 3916 66
441 3867 535 3917 contra
553 3879 605 3918 sec.
624 3863 675 3917 Iul.
695 3880 761 3932 resp.
782 3864 839 3918 IIII
859 3865 919 3922 109.

260 3950 281 4020 4)
300 3952 328 4004 16
347 3952 622 4021 Andomaropolitano
647 3968 711 4005 6666
733 3953 800 4007 haec
823 3954 973 4024 inscriptio,
993 3972 1054 4009 oum
1072 3955 1166 4009 folium
1185 3955 1311 4026 primurn,
1329 3956 1358 4008 16

217 4058 269 4110 quo
289 4041 347 4094 sine
367 4041 449 4095 dubio
468 4043 566 4095 titulus
584 4058 666 4095 manu
685 4043 772 4112 prima
790 4043 906 4114 scriptus
926 4047 992 4112 erat,
1008 4044 1158 4107 excidisset,
1173 4061 1254 4097 manu
1273 4045 1358 4097 altera

216 4130 322 4184 adiecta
345 4133 394 4195 est,
414 4131 461 4185 sed
484 4131 511 4184 in
535 4131 742 4200 subscriptione,
762 4148 830 4201 quae
850 4149 866 4184 a
883 4150 964 4186 manu
987 4134 1073 4202 prima
1095 4132 1217 4202 profecta
1236 4136 1285 4198 est,
1304 4133 1357 4184 ‘uel

188 4218 249 4300 *de
269 4220 365 4272 anima*
385 4220 493 4288 legitur.
