3342 4920
469 371 510 422 De
530 369 665 422 Abraham
684 369 713 422 ΙΙ
730 371 756 434 4,
777 369 880 425 14—16
910 370 934 440 (l
948 370 999 426 318
1014 370 1125 424 r-319
1139 369 1181 436 F).
1331 373 1394 436 575

160 563 203 626 15
252 564 357 646 quod
398 564 609 629 incolatus
651 584 760 629 meus
799 564 1067 648 prolongatus
1110 566 1182 628 est.
1224 564 1395 628 descensus

251 674 357 735 autem
386 671 546 735 Abraham
573 671 605 735 in
632 671 825 756 Aegyptum,
853 671 913 736 hoc
943 673 992 734 est
1020 671 1059 735 ad
1086 671 1168 735 feros
1193 675 1225 734 et
1247 671 1395 735 barbaros

250 798 364 856 mores,
389 779 444 861 qui
468 779 581 843 uirtuti
604 780 723 843 deferre
746 778 914 855 nescirent,
934 797 973 842 ue
991 781 1140 842 nocerent
1158 797 1214 860 per
1231 777 1395 854 inuidiam,

251 884 329 948 dixit
357 885 461 963 Sarae,
490 905 528 950 ne
558 905 592 950 se
621 905 749 950 uxorem
778 885 845 949 eius
875 884 1003 960 diceret,
1033 885 1088 949 sed
1121 903 1258 948 sororem
1292 885 1396 966 appel-

219 992 339 1056 slaret.
369 996 401 1056 et
428 993 501 1056 hinc
531 991 648 1076 grande
677 992 799 1056 sobriae
826 991 943 1056 mentis
967 991 1164 1074 mysterium,
1190 991 1241 1056 cui
1265 991 1327 1055 cito
1352 991 1396 1054 in·
1488 1019 1489 1022 ¹

251 1099 387 1164 uidetur.
414 1103 445 1163 et
463 1099 534 1163 ideo
553 1103 591 1163 ut
609 1099 764 1163 inuidiam
783 1098 943 1180 reprimat,
963 1099 1165 1162 humiliorem
1185 1117 1218 1162 sc
1237 1101 1396 1180 praestare

251 1206 352 1271 debet.
381 1225 443 1270 non
472 1206 533 1270 sibi
561 1205 773 1288 principatum
801 1224 895 1287 super
923 1224 1031 1269 omnes
1058 1205 1208 1281 uindicet,
1241 1225 1302 1270 non
1335 1205 1397 1268 sibi

251 1313 309 1377 soli
335 1313 522 1395 sapientiam
545 1312 637 1396 quasi
659 1312 861 1396 praecipuam
885 1311 1024 1396 adroget.
1049 1313 1126 1376 haec
1151 1315 1199 1376 est
1219 1331 1313 1394 quarn
1333 1309 1395 1376 sibi
1414 1322 1438 1373 D

251 1419 399 1485 Solomon
423 1439 550 1485 uxorem
575 1419 762 1502 adquisiuit3
791 1436 869 1483 uxor
892 1419 974 1482 enirn
998 1419 1167 1501 praecipue
1192 1421 1242 1483 est
1265 1418 1321 1481 uni
1345 1417 1395 1480 dc·

206 1550 232 1588 ro
251 1526 326 1589 bita.
359 1527 467 1608 itaque
500 1545 608 1590 omnes
642 1527 774 1608 cupiunt
804 1526 862 1590 tali
895 1545 928 1590 se
953 1526 1066 1608 copula
1095 1525 1206 1608 dignos
1235 1525 1337 1589 uideri
1365 1525 1397 1587 et

252 1632 360 1697 dolent
383 1633 444 1698 sibi
468 1633 607 1715 aliquem
630 1634 789 1714 praeferri,
811 1633 865 1714 qui
883 1635 973 1696 tanta
992 1633 1080 1696 solus
1099 1632 1240 1713 potiatur
1257 1630 1396 1712 pulchri-

250 1739 370 1804 tudine.
395 1757 483 1804 soror
507 1742 613 1802 autem
638 1739 774 1820 quodam
798 1740 853 1802 uel
874 1737 942 1802 iure
963 1737 1179 1822 germanitatis
1199 1739 1252 1801 uel
1272 1737 1396 1801 nomine

251 1846 411 1927 plerisque
441 1844 589 1909 sociatur.
625 1846 656 1906 et
683 1843 754 1908 ideo
782 1862 894 1907 uerum
922 1845 1095 1908 amatorem
1119 1862 1213 1908 suum
1237 1843 1396 1926 integrum

163 1951 204 2013 16
252 1953 289 2016 ab
327 1951 443 2016 iniuria
474 1953 625 2016 reseruat.
663 1949 745 2014 unde
778 1950 922 2014 uidentes
957 1969 1025 2014 eam
1057 1949 1216 2034 Aegyptii,
1250 1949 1304 2032 qui
1337 1969 1397 2014 non

208 2083 232 2120 15
250 2061 381 2142 possent
414 2057 589 2122 discernere
621 2077 678 2123 nec
711 2057 841 2122 uirtutis
873 2058 1007 2121 formam
1041 2075 1242 2140 cognoscere,
1270 2056 1441 2141 uulgaria

251 2166 453 2232 aestimantes
467 2167 585 2231 iudicio
600 2167 789 2230 induxerunt
803 2166 842 2229 ad
857 2167 1033 2248 tyrannum,
1054 2165 1113 2228 boc
1134 2166 1183 2228 est
1201 2163 1240 2227 ad
1259 2167 1397 2228 mentem

252 2273 430 2354 superbam,
460 2292 540 2356 quae
567 2273 691 2355 pondus
720 2273 892 2355 sapientiae
920 2292 981 2336 non
1011 2271 1165 2336 sustinuit
1193 2274 1224 2334 et
1250 2271 1321 2335 ideo
1346 2270 1397 2333 ad-

251 2377 372 2442 flictata
397 2382 455 2444 est.
491 2380 608 2444 etenim
633 2399 706 2444 cum
730 2379 865 2443 animam
890 2378 1054 2460 inprobam
1079 2378 1210 2442 uirtutis
1233 2377 1398 2441 intrauerit

252 2503 366 2564 sermo,
389 2485 552 2569 redarguit
575 2506 644 2550 eam
668 2485 781 2568 culpae
805 2485 981 2567 errorisque
1004 2484 1124 2566 pudore
1149 2483 1255 2548 adlicit
1279 2487 1311 2547 et
1328 2503 1397 2566 pro-

206 2615 233 2653 no
250 2590 402 2672 lapsionis
431 2595 559 2673 torquet
587 2592 703 2656 dolore.
731 2611 866 2674 namque
897 2591 971 2654 dum
995 2591 1026 2654 in
1052 2590 1185 2672 quadarn
1211 2609 1322 2653 sumus
1348 2590 1398 2653 de-

250 2697 412 2778 linquendi
440 2698 580 2776 libidine,
605 2698 728 2762 nebulis
754 2697 945 2779 quibusdam
964 2697 1163 2779 insipientiae
1187 2715 1275 2760 meus
1301 2696 1398 2759 obdu-

253 2809 336 2871 citur
354 2809 385 2870 et
404 2806 490 2870 fumo
512 2805 648 2887 quodam
666 2804 844 2886 iniquitatis
864 2803 948 2868 oculi
968 2804 1035 2866 eius
1056 2803 1203 2886 caligant,
1229 2823 1266 2866 ne
1290 2802 1397 2867 uideat

252 2933 360 2979 eorum
388 2932 468 2994 quae
492 2910 689 2994 concupiscit
712 2911 955 2988 deformitatem,
980 2910 1035 2974 sed
1060 2929 1131 2974 cum
1156 2910 1258 2974 omnis
1282 2910 1397 2973 nebula
1420 2921 1441 2973 F

251 3020 412 3085 transierit
448 3021 480 3083 et
512 3017 683 3099 sapientiae
716 3018 864 3098 splendor
894 3017 1066 3094 refulserit,
1099 3017 1209 3100 grauia
1240 3019 1398 3080 tormenta

206 3147 233 3188 aa
253 3128 433 3190 exercentur
455 3127 488 3189 in
513 3125 648 3207 quodam
672 3126 754 3188 male
779 3125 900 3189 conscii
924 3123 1102 3188 secretario.
1135 3123 1241 3204 itaque
1270 3123 1396 3206 grauior

252 3235 360 3295 nostra
388 3251 476 3296 mens
499 3231 593 3295 iudex
618 3236 667 3295 est
691 3231 901 3295 conscientiae
924 3233 1014 3294 reatu
1039 3232 1071 3293 et
1094 3229 1211 3294 iudicio
1235 3228 1396 3312 paeniten-

249 3337 324 3402 tiae.
353 3339 467 3420 quodsi
493 3340 546 3402 uel
579 3358 672 3422 aegra
698 3359 753 3419 per
782 3339 907 3420 culpam
937 3339 988 3401 uel
1015 3337 1156 3401 inualida
1182 3357 1238 3420 per
1265 3334 1394 3400 infirmi·

342 3529 354 3582 1
377 3526 443 3581 Gen.
464 3529 506 3591 12,
527 3529 557 3582 11
579 3544 637 3596 sqq.
692 3529 708 3581 9
728 3527 794 3597 Reg.
814 3527 900 3587 1113.
920 3529 936 3581 9
957 3543 1014 3596 sqq.
1071 3527 1104 3580 16
1124 3525 1190 3580 Gen.
1212 3527 1253 3590 12,
1275 3527 1306 3580 15

211 3656 215 3668 '
289 3659 951 3714 1descensusPmleescendenst2cet.
1024 3659 1092 3712 2iu
1112 3661 1349 3729 AegyptumPs.
1368 3676 1395 3712 u.

251 3754 304 3813 m2,
324 3765 375 3803 om.
399 3750 424 3802 T
494 3751 511 3802 4
531 3767 647 3803 sororem
667 3751 724 3803 eius
743 3749 807 3803 DN
871 3752 886 3802 5
906 3748 1012 3802 sobriae
1031 3749 1129 3802 mentis
1148 3749 1204 3802 ΡΤ
1220 3749 1330 3802 uirtutis
1349 3755 1395 3803 cet.

252 3837 268 3890 8
288 3839 365 3907 quasi
384 3855 435 3894 om.
454 3838 518 3891 DN
586 3841 601 3892 9
622 3839 743 3892 salomon
764 3838 829 3891 libca'
902 3839 935 3892 10
955 3842 983 3890 et
1002 3837 1095 3892 dolent
1118 3838 1143 3891 Τ
1160 3841 1190 3890 ut
1209 3838 1303 3891 dolent
1320 3838 1397 3891 Pmr

252 3930 283 3978 ut
302 3927 413 3980 doleant
431 3927 514 3979 Pma
532 3933 579 3980 eet.
636 3928 666 3980 11
689 3927 735 3995 qui
753 3927 852 3995 scripsi
871 3925 929 3994 quis
950 3926 1015 3979 libri
1086 3925 1247 3995 patiaturP
1265 3928 1290 3989 (o
1309 3929 1357 3979 m2
1374 3942 1395 3979 s.

252 4032 268 4068 a
283 4015 381 4086 palti
435 4017 468 4069 14
486 4015 770 4084 ἰηίιιτίαΡ(ῑηε.ω.)
844 4016 1180 4082 reseruatP(rpr.exs)
1238 4016 1269 4068 17
1290 4015 1396 4084 sapien·

251 4104 307 4156 tiae
326 4103 430 4172 pondus
450 4103 477 4155 B
567 4103 677 4156 adflicta
694 4103 844 4156 DNBOM
923 4104 957 4156 22
977 4104 1129 4172 caligantur
1146 4105 1174 4156 P
1192 4107 1234 4169 (ur
1253 4103 1318 4156 add.
1338 4107 1395 4169 m2)

250 4191 310 4245 DN
313 4191 370 4244 OM
441 4191 553 4244 uideant
567 4191 599 4244 N
616 4194 657 4256 (nt
673 4192 704 4244 aba
717 4195 785 4258 ras.)
841 4193 876 4246 24
894 4191 1022 4262 splendor
1039 4192 1177 4246 refulserit
1191 4193 1272 4246 PTB
1290 4194 1396 4262 fulgore

250 4280 359 4333 fulserit
377 4286 423 4335 cet.
481 4281 515 4335 26
535 4297 610 4334 mens
630 4285 722 4334 nostra
740 4281 767 4333 B
