3322 4932
650 397 868 452 Praefatio.
961 445 964 454 .
1155 402 1334 468 LXXVIIH

204 595 351 658 asculum
378 593 542 676 scriptoris
566 593 751 676 grauissimi
774 593 879 676 imago
904 591 1078 672 deformata
1103 597 1196 675 atque
1222 595 1335 659 obscu-

202 708 255 766 ata
282 701 537 782 laceratasque
565 699 696 763 mirifice
723 719 786 763 non
815 700 918 763 solum
948 699 985 762 de
1009 699 1188 777 Ambrosia
1217 701 1271 764 sed
1296 701 1333 766 de

211 808 321 872 oritate
358 808 428 888 ipsa
464 808 523 872 hac
561 807 698 872 editione
731 807 862 871 Parisiis
900 807 989 870 annis
1023 806 1274 872 MDCLXXXVI
1302 813 1334 872 et

181 913 424 980 MDOLXXXX
440 915 557 979 emissa
571 917 761 979 meruerunt.
777 913 892 978 etenim
907 913 1024 977 reiecta
1043 913 1179 978 editione
1193 915 1334 978 Romana

185 1021 224 1086 ab
250 1040 287 1085 ea
312 1041 406 1103 quam
440 1020 580 1086 Gilotius
614 1023 779 1084 curauerat
799 1021 943 1102 ,profecti
975 1020 1136 1085 Ambrosii
1169 1041 1262 1105 opera
1294 1022 1333 1085 ad

183 1127 281 1192 fidem
309 1127 462 1192 librorum
490 1146 587 1190 manu
615 1127 816 1208 scriptorum,
847 1144 925 1207 quos
959 1129 1076 1208 quanta
1109 1147 1217 1192 eorum
1250 1147 1333 1192 oom-

183 1234 396 1314 parandorum
427 1233 472 1297 eis
500 1233 636 1297 facultas
665 1236 697 1297 et
725 1232 815 1314 copia
839 1232 913 1296 data
937 1236 1012 1310 erat,
1036 1233 1067 1296 in
1094 1233 1199 1298 Gallia
1211 1233 1235 1318 ¹)
1261 1253 1332 1298 con·

185 1339 323 1420 quisitos
357 1339 620 1414 examinarerant
650 1339 682 1402 in
711 1337 876 1421 antiquum
908 1339 1042 1403 nitorem
1070 1343 1238 1405 rest'tuere
1267 1345 1332 1405 stu-

185 1447 331 1512 duerunt.
357 1467 420 1529 qua
442 1447 474 1510 in
497 1465 531 1510 re
556 1445 668 1511 sinon
697 1465 766 1508 eam
795 1465 856 1526 qua
880 1463 962 1508 nunc
993 1445 1136 1510 homines
1161 1447 1276 1512 eruditi
1298 1448 1330 1510 in

184 1554 243 1618 tali
270 1573 398 1618 munero
428 1552 675 1617 administrando
703 1556 839 1615 utuntur
865 1552 1019 1617 rationem
1052 1552 1274 1632 adhibuerunt,
1304 1555 1331 1617 si

186 1680 250 1724 non
266 1679 390 1744 semper
405 1659 531 1724 codices
548 1657 788 1723 uetustissimos
808 1661 970 1739 tamquam
990 1664 1093 1722 certos
1113 1659 1211 1723 duces
1231 1661 1333 1724 secuti

185 1771 262 1832 sunt
284 1785 386 1849 neque
411 1766 449 1830 ad
474 1785 582 1830 eorum
606 1784 747 1830 nonnam
776 1765 964 1847 scripturam
992 1768 1093 1828 totam
1117 1767 1331 1830 conformaue-

183 1878 269 1950 runt,
294 1873 351 1938 sed
374 1893 428 1938 eos
452 1873 483 1936 in
508 1873 630 1954 aliquot
652 1874 776 1936 tantum
799 1871 880 1935 locis
905 1871 1108 1936 emendandis
1127 1879 1331 1954 respexerunt

184 1981 300 2044 ceteris
328 1981 374 2044 ita
400 1983 438 2046 ut
466 1978 590 2062 uulgati
618 1981 707 2041 erant
734 1977 864 2053 relictis,
894 1977 922 2041 si
950 1977 1085 2059 denique
1112 1979 1270 2044 interdum
1298 1979 1329 2043 in

184 2087 374 2169 corruptelis
399 2085 546 2149 sanandis
571 2061 734 2149 ecdicibus
753 2083 992 2162 recentioribus,
1012 2085 1045 2148 in
1064 2085 1179 2166 quibus
1198 2085 1330 2150 uulnera

182 2193 384 2258 librariorum
418 2191 561 2256 socordia
593 2191 684 2255 illata
717 2190 905 2256 coniecturis
943 2191 996 2254 uel
1031 2191 1329 2273 interpolationibus

183 2303 270 2364 tecta
293 2303 378 2376 sunt,
403 2299 618 2379 obtemperare
642 2315 738 2378 quam
763 2316 798 2361 ex
823 2297 1037 2378 antiquiorum
1065 2300 1213 2383 uestigiis
1240 2301 1330 2364 lecti-

184 2425 260 2470 ones
294 2425 458 2489 germanas
491 2423 599 2469 eruere
632 2405 821 2482 maluerunt,
845 2405 923 2468 haec
957 2406 1063 2468 omnia
1095 2426 1156 2470 non
1188 2410 1254 2470 tam
1283 2407 1327 2470 eis

183 2515 296 2594 culpae
327 2512 479 2577 uertenda
512 2515 586 2576 sunt
609 2531 704 2592 quam
728 2511 804 2574 artis
838 2530 917 2592 quae
950 2515 1019 2575 tum
1052 2512 1238 2594 plerumque
1263 2517 1329 2576 erat

183 2619 367 2684 condicione
400 2618 584 2682 excusanda.
619 2623 701 2681 certe
732 2635 792 2680 non
821 2617 848 2680 is
878 2637 949 2680 sum
974 2618 1028 2698 qui
1051 2619 1129 2681 uiris
1153 2619 1218 2682 illis
1243 2637 1328 2701 egre-

183 2727 234 2810 gie
272 2725 393 2789 meritis
432 2724 593 2789 detrahere
630 2724 728 2788 uelim
764 2723 940 2788 humentem
981 2725 1078 2804 copiti
1118 2725 1217 2788 occlto
1259 2745 1328 2788 cum

181 2833 275 2896 laudo
310 2852 464 2896 coronam.
503 2850 538 2895 ac
571 2832 687 2894 uellem
720 2849 794 2894 sane
831 2834 868 2894 ut
904 2831 983 2894 mihi
1020 2831 1235 2896 Maurinorum
1276 2832 1327 2895 ad-

180 2943 293 3021 paratu
317 2939 365 3003 uti
388 2938 548 3015 licuisset;
573 2957 646 3000 nam
666 2956 702 3001 oo
721 2936 866 3018 inspecto
892 2937 929 3000 de
954 2937 1116 3001 codicibus
1137 2938 1327 3020 quibusdam

183 3047 221 3111 ab
245 3045 311 3108 illis
336 3044 498 3121 adhibitis,
524 3063 603 3126 quos
626 3042 746 3106 frustra
769 3043 922 3124 quaesiui,
948 3043 1026 3107 certi
1053 3043 1165 3109 iudicii
1191 3044 1327 3109 faciendi

181 3153 262 3216 mihi
284 3150 421 3215 facultas
446 3150 519 3214 data
542 3153 637 3214 esset.
662 3149 718 3213 sed
742 3168 931 3231 quamquam
949 3149 1066 3214 litteris
1085 3151 1194 3215 missis
1213 3151 1246 3214 id
1266 3153 1326 3236 egi,

181 3264 219 3323 ut
243 3259 357 3322 certior
379 3257 485 3322 fierem
510 3277 587 3321 num
610 3256 742 3320 Parisiis
766 3257 876 3320 autin
902 3257 963 3322 alio
989 3257 1111 3324 Galliae
1135 3259 1250 3340 oppido
1275 3258 1326 3322 bic

182 3364 352 3446 adparatus
387 3365 567 3428 etiamnunc
601 3365 729 3440 extaret,
762 3362 846 3426 idem
886 3383 1010 3447 semper
1045 3384 1233 3446 responsum
1265 3365 1327 3428 tuli

181 3470 306 3535 nullum
322 3471 389 3534 eius
409 3469 584 3554 uestigium
602 3469 748 3533 inueniri.
767 3470 860 3553 longe
880 3471 999 3535 maiora
1017 3475 1123 3535 antem
1143 3472 1210 3536 sine
1230 3472 1326 3536 dubio

181 3578 399 3642 Maurinorum
424 3576 461 3640 de
486 3577 557 3641 aliis
581 3577 724 3659 patribus
747 3577 868 3641 Latinis
894 3583 987 3660 atque
1011 3579 1043 3642 in
1066 3579 1178 3661 primis
1203 3582 1240 3643 de
1263 3580 1326 3644 Au-

182 3685 309 3767 gustino
333 3685 448 3748 merita
471 3687 547 3748 sunt
570 3703 663 3765 quam
689 3685 726 3748 de
749 3685 927 3749 Ambrosio.
953 3705 1032 3767 quae
1056 3705 1106 3750 res
1129 3687 1264 3751 fortasse
1289 3706 1324 3749 eo

181 3789 365 3871 explicanda
385 3790 543 3872 estquod
562 3790 697 3855 Iacobus
719 3791 760 3854 du
779 3791 890 3855 Frisoh
911 3795 943 3856 et
960 3792 1112 3856 Nicolaus
1133 3793 1170 3856 de
1189 3793 1324 3875 Ncurry,

181 3896 297 3977 quibus
321 3897 482 3962 Ambrosii
511 3916 640 3978 operum
670 3897 862 3962 edendorum
891 3917 965 3962 cura
993 3899 1141 3962 mandata
1164 3902 1239 3976 erat,
1263 3899 1325 3979 pri-

179 4023 269 4066 mum
306 4005 400 4084 paulo
438 4004 640 4068 festinantius
672 4005 753 4068 hanc
785 4006 981 4088 prouinciam
1014 4005 1323 4081 administrauerunt

226 4132 246 4199 ¹)
267 4150 329 4187 nam
347 4137 455 4203 praeter
472 4135 556 4188 libros
577 4134 694 4189 Gallicos
714 4135 752 4188 eis
770 4134 901 4188 lectiones
920 4138 1029 4188 tantum
1054 4152 1084 4190 ex
1108 4136 1244 4188 codicibus
1264 4135 1323 4202 qui·

179 4221 295 4276 busdam
314 4223 503 4292 bybliothecae
516 4225 665 4280 Uaticanus
680 4224 767 4292 iisque
781 4225 977 4278 recentioribus
991 4228 1072 4293 atque
1088 4223 1229 4277 deterioris
1242 4227 1322 4276 notae

180 4311 215 4364 ad
233 4327 328 4364 manus
348 4310 465 4366 fuerunt.
