3322 4914
303 336 380 400 VIII
765 333 984 388 Praefatio.

303 527 463 594 ablutione
498 531 669 592 renoueta’.
707 526 829 610 primus
868 527 968 611 igitur
1009 532 1041 592 et
1082 530 1162 592 alter
1203 548 1305 593 sermo
1347 530 1450 612 primo

303 637 371 700 eius
395 634 602 698 hebdomadis
628 633 677 698 die
701 634 825 698 recitati
850 637 934 712 sunt,
958 653 1059 699 nonus
1080 634 1129 699 die
1150 639 1238 700 serto
1260 639 1331 700 ante
1351 637 1450 700 domi-

303 742 417 804 nicam.
982 807 984 811 ,

348 848 507 912 Libellum
531 848 576 911 de
599 846 791 929 paradiso
810 846 1000 912 Ambrosius
1024 847 1054 910 in
1080 848 1217 930 epistula
1241 848 1279 912 ad
1299 847 1451 915 Sabinum

303 954 402 1018 missa
429 951 496 1040 (45,
528 952 560 1038 1)
590 973 623 1018 se
650 954 714 1017 iam
743 952 863 1018 dudum
892 953 1060 1036 scripsisse
1092 954 1232 1018 nondum
1264 960 1450 1020 ueteranum

305 1061 501 1126 sacerdotem
530 1059 684 1124 adfirmat.
719 1059 834 1140 quibus
862 1059 893 1123 in
924 1059 1030 1123 uerbis
1059 1059 1131 1123 ‘iam
1159 1061 1290 1124 dudum'
1318 1063 1454 1126 refertur

306 1168 344 1232 ad
381 1170 519 1249 tempus,
558 1166 641 1248 qnod
678 1166 762 1229 inter
796 1166 893 1229 huius
931 1166 1002 1230 libri
1042 1170 1073 1229 et
1105 1167 1248 1230 Exameri
1281 1168 1452 1233 editionem

305 1275 494 1340 intercessit.
528 1275 625 1339 simul
658 1275 827 1338 edocemur
858 1274 1012 1351 libellum,
1047 1293 1119 1338 cnm
1153 1274 1190 1337 ab
1219 1274 1387 1340 Ambrosio
1419 1276 1450 1339 in

304 1381 469 1465 publicum
499 1381 607 1445 datum
637 1383 733 1456 esset,
763 1399 824 1444 non
854 1380 891 1443 ad
920 1380 1093 1444 multorum
1117 1379 1283 1444 hominum
1306 1381 1452 1444 notitiam

306 1488 499 1570 peruenisse.
533 1490 616 1552 certo
646 1486 782 1552 Sabinus
812 1506 847 1550 er
882 1487 1019 1568 epistula
1052 1487 1178 1551 demum
1211 1487 1268 1551 illa
1300 1487 1453 1569 comperit

305 1594 509 1658 Ambrosium
543 1613 611 1658 eam
644 1612 710 1656 rem
740 1593 821 1656 libro
855 1592 1008 1674 singulari
1039 1593 1265 1658 illustrauisse.
1298 1593 1452 1675 scriptum

307 1704 411 1765 autern
440 1720 511 1766 esse
539 1701 624 1765 hunc
652 1699 798 1764 libellum
827 1703 899 1764 ante
929 1701 1118 1782 opusculum
1146 1700 1185 1763 de
1209 1698 1285 1764 Cain
1319 1702 1350 1762 et
1373 1699 1452 1763 Abel

306 1807 468 1892 colligitur
496 1827 532 1871 ex
559 1808 605 1871 eis
636 1826 715 1888 quae
742 1806 775 1870 in
803 1806 900 1870 huius
930 1807 1076 1888 opusculi
1104 1806 1264 1888 prooemio
1288 1806 1450 1888 leguntur:

306 1914 355 1978 ‘de
382 1914 527 1996 paradiso
556 1914 588 1977 in
617 1912 835 1996 superioribus
864 1932 919 1996 pro
953 1916 1048 1994 captu
1080 1915 1188 1978 nostro
1221 1915 1258 1976 ut
1288 1912 1451 1994 potuimus

308 2021 392 2102 quod
416 2019 561 2086 dominus
585 2019 712 2095 infudit,
738 2039 850 2084 sensus
875 2020 998 2083 inuenit
1021 2019 1235 2103 digessimus’.
1259 2009 1324 2081 nec*
1336 2017 1451 2096 minus,

309 2145 381 2190 cum
400 2126 588 2191 Ambrosius
612 2125 644 2190 in
668 2126 741 2190 libri
766 2126 897 2190 alterius
922 2127 960 2190 de
978 2126 1137 2190 Abrabam
1162 2125 1285 2190 exordio
1310 2125 1385 2202 564,
1411 2123 1453 2187 14

307 2252 365 2297 nos
390 2232 428 2296 ad
452 2253 488 2297 ea
510 2235 640 2297 reuocet
663 2252 743 2314 quae
766 2236 796 2296 in
820 2232 921 2296 libelli
946 2231 984 2296 de
1008 2232 1153 2315 paradiso
1178 2221 1317 2297 sectione
1343 2233 1380 2295 ll
1405 2249 1453 2294 ex-

308 2339 413 2419 posita
437 2342 522 2417 sunt,
547 2341 742 2420 exploratum
768 2341 816 2402 est
840 2338 922 2401 bunc
946 2337 1038 2401 illurn
1062 2329 1203 2420 tempore
1230 2337 1451 2420 praecessisse.

309 2444 371 2507 iarn
396 2445 424 2508 si
448 2465 483 2509 ea
507 2445 640 2528 quaein
664 2445 826 2527 prooemio
850 2444 922 2508 libri
952 2443 990 2507 de
1020 2442 1113 2508 Cain
1144 2447 1182 2507 et
1209 2441 1308 2508 Abel
1336 2444 1453 2525 scripta

310 2554 385 2615 sunt
407 2552 604 2634 inspicimus,
624 2553 713 2635 patet
731 2550 936 2614 Ambrosium
955 2549 1064 2614 libello
1085 2549 1122 2614 de
1141 2550 1285 2632 paradiso
1305 2549 1452 2614 absoluto

309 2658 457 2724 continno
487 2677 559 2722 eum
590 2677 651 2739 quo
677 2658 714 2721 de
738 2656 888 2720 fratribus
912 2655 978 2719 illis
1003 2655 1139 2738 geminis
1163 2657 1362 2738 expositurus
1387 2656 1453 2719 erat

308 2765 495 2848 adgressum
524 2784 605 2832 esse.
640 2764 735 2829 simol
764 2783 799 2826 ex
828 2763 874 2827 eis
904 2782 984 2844 quae
1007 2763 1039 2826 in
1062 2763 1142 2827 libro
1168 2763 1206 2826 de
1229 2762 1452 2827 incarnationis

308 2871 482 2936 dominicae
506 2874 701 2936 sacramento
727 2869 819 2955 (sect.
844 2869 878 2955 2)
901 2869 1065 2953 leguntur:
1089 2870 1207 2951 ‘itaque
1232 2870 1271 2934 ad
1293 2870 1374 2933 istos
1399 2868 1453 2950 qui

307 2979 463 3060 propositi
496 2981 571 3042 sunt
605 2977 809 3042 deflectamus
843 2977 1018 3061 agricolas,
1056 2976 1171 3058 quibus
1205 2977 1281 3042 Cain
1315 2980 1347 3039 et
1373 2976 1454 3039 Abel

308 3085 534 3168 significantur,
571 3085 651 3148 bene
689 3083 891 3148 coniecerunt
926 3083 1065 3147 Maurini
1101 3102 1174 3146 eum
1212 3102 1273 3165 quo
1310 3085 1453 3163 tempore

308 3192 392 3255 hunc
423 3192 540 3256 librum
575 3191 820 3255 elaborabat.-
845 3189 904 3254 hoc
939 3191 988 3254 est
1019 3189 1102 3254 intra
1134 3208 1230 3254 annos
1260 3187 1452 3254 CCCLXXX

308 3300 341 3360 et
373 3296 614 3363 CCCLXXXHI
637 3334 681 3342 -
705 3296 895 3378 opusculum
926 3296 1008 3360 illud
1038 3296 1071 3360 in
1109 3296 1255 3360 manibus
1292 3295 1453 3359 habuisse.

309 3406 443 3487 denique
475 3405 559 3469 idem
593 3403 884 3468 animaduerterunt
917 3403 961 3467 eis
990 3423 1070 3485 quae
1099 3404 1204 3466 extant
1231 3403 1263 3466 in
1290 3401 1391 3466 libelli
1415 3400 1452 3464 de

308 3511 582 3577 benedictionibus
597 3511 843 3594 patriarcharum
864 3511 1003 3576 sectione
1024 3513 1064 3574 55
1084 3512 1185 3575 ‘omne
1206 3511 1288 3573 enim
1308 3511 1453 3574 sanctum

308 3619 566 3703 primogenitum,
601 3619 685 3682 sicut
717 3616 793 3682 alibi
826 3617 1124 3681 demonstrauimus¹
1157 3616 1271 3698 respici
1305 3633 1383 3696 qnae
1420 3613 1451 3677 in

308 3727 381 3791 libri
413 3726 543 3790 alterius
577 3726 614 3790 de
648 3723 723 3790 Cain
757 3729 790 3789 et
815 3723 895 3787 Abel
934 3723 1128 3789 sectionibus
1158 3723 1188 3786 7.
1219 3724 1248 3787 8.
1280 3723 1321 3784 13
1346 3720 1453 3802 dispu-
1505 3729 1508 3738 '

309 3837 376 3897 tata
400 3837 484 3899 sunt.

354 3939 552 4024 Opusculum
577 3941 614 4005 de
637 3940 717 4004 Noe
742 3958 776 4005 se
800 3936 1019 4019 composuisse
1037 3937 1224 4002 Ambrosius
1247 3938 1385 4000 testatus
1405 3935 1454 3998 est

311 4067 346 4111 ea
370 4051 483 4127 aetate,
508 4066 570 4128 qua
593 4046 736 4110 maximis
761 4043 1025 4128 grauissimisque
1046 4041 1314 4108 sollicitudinibus
1333 4059 1453 4123 preme-

308 4156 410 4220 batur.
445 4174 507 4236 qua
535 4154 573 4218 de
601 4173 634 4218 re
662 4155 692 4216 in
724 4152 848 4216 exordio
873 4151 950 4216 haec
975 4151 1066 4215 dixit:
1096 4151 1238 4233 ‘dignum
1263 4150 1312 4212 est
1334 4152 1371 4211 ut
1394 4166 1451 4211 nos

311 4281 436 4346 quoque
464 4281 536 4326 eum
563 4258 659 4344 (Noe)
688 4258 904 4324 describamus
933 4257 972 4320 ad
1003 4257 1214 4322 imitationem
1247 4255 1387 4319 omnium
1422 4259 1453 4318 et
