3342 4920
427 369 468 424 De
488 370 622 423 Abraham
642 368 670 423 II
690 369 731 433 10,
752 368 856 423 75-77
895 369 918 434 (I
936 369 989 422 346
1007 369 1121 423 1)-347
1140 369 1186 436 D).
1315 373 1382 435 629

233 565 349 629 futuris
373 563 532 641 aestimat,
565 565 627 628 soit
650 563 808 628 uersutias
833 583 1012 628 sermonum
1037 567 1069 628 et
1092 564 1266 630 solutiones
1291 583 1382 646 argu·
1412 585 1418 596 ·

233 675 423 749 mentorum,
452 671 543 755 signa
571 676 603 734 et
630 674 772 736 monstra
801 671 862 736 seit
890 676 1057 753 antequam
1086 671 1164 735 fiant
1191 674 1223 736 et
1246 675 1380 736 euentus

233 782 412 859 temporum
451 781 483 841 et
519 777 729 842 saeculorum.
771 795 833 842 non
869 779 977 858 potest
1012 776 1111 860 igitur
1146 777 1248 840 bonus
1285 779 1380 857 atque

234 883 393 965 perfectus
416 903 477 947 non
502 903 572 947 esso
597 884 650 965 qni
674 883 754 948 hano
778 883 974 966 adquisierit,
999 881 1073 964 quia
1091 886 1124 946 et
1143 901 1267 946 omnem
1286 882 1383 946 habet

202 1015 214 1054 a
234 991 387 1054 uirtutem
412 995 443 1054 et
465 991 571 1074 imago
596 989 748 1056 bonitatis
772 994 830 1056 est.
855 989 938 1053 unde
963 992 995 1052 et
1018 989 1138 1053 saeculi
1159 988 1255 1053 istius
1275 988 1379 1070 sophi·
1401 1001 1426 1053 B

234 1101 302 1162 stae
330 1099 492 1161 traxerunt
514 1097 728 1162 definitionem
753 1096 903 1178 sapientis
927 1096 1121 1172 huiusmodi,
1147 1095 1232 1177 qnod
1255 1095 1380 1176 sapiens

144 1209 186 1274 77
233 1205 283 1268 uir
305 1204 419 1281 bonus,
445 1202 569 1268 dioendi
591 1204 713 1285 peritus
737 1202 788 1268 sit.
813 1203 979 1267 redeamus
1003 1221 1087 1267 nune
1111 1205 1149 1267 ad
1174 1203 1290 1266 donum
1319 1201 1394 1290 dei„

235 1329 296 1392 quo
330 1310 409 1374 nihil
442 1310 578 1391 plenius.
612 1310 689 1392 quid
721 1310 805 1375 enim
836 1309 951 1374 melius
985 1311 1149 1393 sapientie,
1183 1309 1259 1392 qnid
1290 1308 1382 1391 peius

234 1416 385 1492 uanitate,
419 1411 495 1498 quid
526 1416 666 1480 deterius
700 1416 946 1498 superstitione?
977 1417 1049 1482 ideo
1082 1422 1245 1498 tamquam
1273 1417 1301 1480 ei
1330 1416 1382 1480 oni

190 1547 215 1586 10
235 1523 422 1604 promiserat
445 1523 675 1604 plenitudinem
698 1521 901 1605 perfeetionis
925 1524 984 1588 ait:
1017 1524 1172 1608 augebo
1200 1526 1239 1587 te
1263 1522 1380 1588 ualde

235 1633 274 1693 et
305 1649 446 1712 ponam
479 1633 517 1693 te
551 1629 589 1693 in
623 1633 776 1712 gentes,
810 1631 848 1693 et
875 1648 991 1722 reges
1021 1629 1064 1694 de
1093 1634 1132 1694 te
1156 1633 1283 1707 erunt,
1307 1629 1382 1710 quia

235 1737 303 1801 eius
332 1735 386 1818 qui
415 1735 518 1799 fidelis
543 1739 592 1799 est
614 1737 703 1800 totus
726 1736 864 1800 mundus
889 1735 1073 1800 diuitiarum
1097 1738 1156 1814 est,
1181 1739 1213 1802 et
1236 1738 1379 1819 augetur,

234 1862 295 1907 non
318 1842 472 1906 minuitur
495 1845 532 1906 ut
556 1843 686 1906 stultus.
711 1843 839 1923 ponitur
861 1842 893 1905 in
917 1846 1026 1925 gentes
1051 1842 1220 1919 Abraham,
1244 1842 1304 1906 hoo
1332 1843 1380 1904 est
1404 1849 1425 1907 G

234 1949 311 2020 fides
345 1949 412 2013 eius
447 1950 486 2013 ad
518 1954 627 2033 gentes
656 1949 845 2013 transfertur
873 1954 905 2013 et
931 1967 1022 2033 reges
1050 1947 1180 2025 saeculi,
1205 1949 1259 2029 qni
1283 1946 1381 2011 oredi-

190 2080 215 2119 15
235 2055 349 2119 derunt
362 2058 394 2119 et
408 2073 443 2120 se
462 2055 625 2119 subiciunt
644 2055 770 2119 domino
785 2055 869 2132 Iesu,
890 2055 941 2118 oui
961 2053 1089 2120 dieitur:
1108 2053 1187 2118 tibi
1206 2053 1382 2118 offerent

178 2212 180 2216 .
234 2179 351 2244 reges
375 2180 541 2226 munera.
567 2180 623 2226 neo
648 2161 727 2225 illud
752 2162 935 2238 absurdum,
961 2162 1034 2243 quia
1053 2181 1089 2226 ex
1107 2180 1220 2245 genere
1238 2161 1381 2225 Abrahae

234 2286 296 2331 non
320 2267 424 2331 solnm
447 2287 538 2352 reges
563 2270 655 2332 erunt
678 2268 842 2350 dignitate,
866 2288 977 2332 nerum
1003 2269 1098 2332 etiam
1120 2269 1169 2332 illi
1195 2287 1297 2352 reges
1327 2268 1381 2351 qui

235 2375 364 2456 peceato
380 2393 440 2437 non
456 2374 605 2448 seruirent,
622 2393 678 2438 neo
694 2374 801 2439 uinoat
820 2395 873 2439 eos
893 2375 1016 2439 malitia
1034 2393 1130 2457 supra
1150 2394 1229 2456 quos
1247 2393 1381 2458 regnum

235 2498 321 2543 mors
352 2498 413 2542 non
447 2479 571 2543 habeat.
608 2480 722 2544 mentis
756 2500 881 2562 quoque
913 2481 1012 2545 bon-ae
1041 2481 1250 2563 oognouimns
1278 2479 1381 2564 regias

190 2613 217 2653 eo
236 2603 305 2649 esse
335 2588 367 2649 et
393 2584 550 2668 principes
580 2586 789 2664 inuentiones
819 2606 898 2669 quae
924 2588 1008 2651 siout
1030 2587 1189 2650 Abraham
1213 2586 1381 2649 mediocris
1400 2598 1425 2650 D

235 2690 363 2773 quidem
378 2692 588 2774 generationis
603 2697 776 2773 prouentus
792 2693 973 2772 nonhabet,
989 2693 1045 2758 sed
1060 2691 1198 2756 abundat
1211 2691 1380 2774 regalibus.
1490 2677 1491 2682 ἵ

237 2798 288 2861 oui
303 2797 375 2860 data
395 2800 445 2862 est
463 2802 546 2862 terra
563 2797 595 2863 in
613 2800 849 2882 possessionem
866 2818 1001 2877 omnem,
1016 2803 1053 2863 ut
1068 2798 1246 2862 dominetur
1260 2799 1382 2879 corpori

236 2923 292 2970 neo
325 2905 368 2968 sit
401 2905 527 2987 captiua
558 2906 762 2988 uoluptatum
795 2905 978 2984 carnalium,
1010 2905 1066 2968 sed
1099 2904 1189 2986 quasi
1226 2905 1382 2967 famulatu

237 3009 342 3074 debito
367 3010 499 3075 obnoxia
522 3029 592 3075 caro
616 3011 715 3074 menti
739 3009 868 3075 seruiat.
894 3011 1066 3076 secundum
1091 3027 1254 3093 personam
1276 3013 1381 3074 autem

191 3144 218 3183 ee
236 3115 379 3180 Abrahae
404 3117 534 3180 euidens
558 3118 745 3200 mysterium
771 3117 933 3192 ecelesiae,
959 3136 1037 3198 qnae
1058 3119 1162 3181 totum
1183 3117 1288 3180 orbem
1308 3115 1380 3178 fidei

327 3361 341 3412 7
361 3365 394 3412 oi.
415 3359 507 3424 Quint.
526 3360 593 3413 Inst.
615 3377 652 3416 or.
671 3360 724 3412 XII
746 3361 767 3419 1,
790 3365 802 3412 1
875 3361 907 3413 lo
928 3358 994 3413 Gen.
1015 3360 1056 3420 17,
1077 3360 1092 3412 6
1112 3359 1191 3412 Philo
1211 3357 1321 3423 Quaest.
1340 3357 1382 3410 111

236 3450 271 3502 44
326 3449 359 3502 13
380 3449 430 3502 sir.
451 3450 494 3516 19,
513 3450 546 3502 23
604 3449 636 3503 15
655 3449 755 3502 Psalm.
776 3448 875 3502 LXVII
894 3449 928 3502 30
986 3449 1018 3501 18
1038 3449 1100 3517 Sap.
1122 3449 1147 3514 7,
1162 3447 1195 3500 30
1252 3448 1283 3500 19
1302 3446 1381 3499 Philo

238 3536 347 3602 Quaest.
366 3536 408 3590 111
427 3539 463 3591 44
519 3538 553 3590 22
574 3536 640 3590 Gen.
663 3538 704 3601 17,
724 3537 740 3590 8

272 3711 385 3780 ‘Zeigoa
405 3729 522 3765 casana
543 3713 567 3763 P
636 3713 766 3780 3atque]
788 3713 861 3764 etB
932 3711 1250 3765 errabets.o.m21³
1304 3711 1381 3762 6sa·

237 3801 336 3870 pientis
355 3817 405 3854 om.
426 3802 488 3856 DN
540 3801 675 3855 7donum
694 3803 756 3855 DN
772 3801 942 3854 domumcet.
998 3801 1156 3855 9uanitate
1177 3800 1340 3864 (eoaim3)
1357 3800 1383 3851 P

272 3890 386 3958 ideoque
410 3890 505 3944 T‘DN
592 3891 617 3944 ai
637 3891 679 3944 oui
697 3907 717 3945 s.
737 3909 764 3946 u.
785 3907 817 3942 ex
837 3890 911 3943 eooui
929 3891 957 3942 P
975 3890 1000 3944 ei
1019 3890 1066 3958 qui
1087 3889 1111 3942 0
1182 3891 1212 3942 11
1242 3892 1338 3958 gentes
1359 3893 1381 3953 (s

236 4022 257 4058 a.
276 4006 315 4075 a.)
333 4007 361 4058 P
432 4007 496 4074 quia
514 4007 560 4076 qui
580 4007 637 4058 eius
657 4009 699 4059 est
719 4010 780 4071 (om.
800 4005 898 4070 fidelis)
919 4005 982 4058 DN
1036 4006 1069 4058 12
1089 3971 1192 4074 a'geour
1206 4005 1232 4057 P
1251 4012 1382 4072 augeatur

238 4098 265 4162 (a
284 4095 333 4148 alt.
353 4095 436 4162 eros.)
454 4095 484 4148 D
567 4095 598 4148 13
618 4095 750 4148 minuitur
768 4095 788 4164 (i
809 4095 858 4149 alt.
878 4111 911 4147 ece
931 4094 954 4163 e)
973 4095 1001 4146 P
1086 4097 1119 4148 16
1139 4095 1285 4147 absurdum
1305 4093 1331 4157 (b
1351 4093 1382 4144 to

237 4187 305 4250 ras.)
324 4185 350 4236 P
440 4184 472 4236 19
491 4183 592 4236 habeat
611 4184 638 4251 (a
658 4184 706 4236 alt.
726 4198 747 4235 a.
766 4185 806 4247 a.)
826 4181 852 4232 P
941 4183 1030 4250 regias
1051 4186 1076 4247 (e
1096 4199 1116 4235 s.
1136 4182 1173 4245 ia)
1193 4183 1220 4235 P
1238 4197 1315 4250 reges
1334 4185 1380 4232 cet.

237 4273 271 4326 22
297 4289 403 4338 omnem
422 4271 455 4335 P,
476 4287 526 4325 om.
546 4276 603 4333 oet,
623 4272 687 4337 fort.
709 4270 794 4324 omnis
885 4271 919 4323 23
940 4269 1086 4323 camaliam
1106 4272 1276 4340 uoluptatum
1294 4267 1383 4322 DNB

1294 4374 1345 4424 41*
