3342 4920
409 362 449 416 De
469 363 545 416 Isaac
563 361 609 414 uel
628 361 716 414 anima
735 363 759 424 3,
780 362 805 418 7.
824 363 840 414 8
877 362 901 426 (Ι
920 361 972 414 358
991 361 1106 415 1)-359
1125 362 1169 428 D).
1294 364 1356 428 647

212 560 292 624 siam
326 577 397 622 cum
431 557 549 641 populo
578 557 740 622 nationum
768 553 883 618 mirata
909 554 1178 636 pulchritudinem
1208 555 1298 619 uerbi
1325 557 1358 620 et

212 668 481 730 sacramentorum
519 662 587 726 eius
628 662 719 728 dicit:
758 659 972 725 osculetur
1012 679 1069 724 me
1110 661 1155 724 ab
1198 661 1356 726 osculis

212 773 295 837 oris
333 770 396 836 sui
432 770 487 833 uel
517 768 660 834 Rebecca
696 766 808 832 uidens
847 785 958 830 uemm
990 766 1090 843 Isaac,
1128 785 1239 831 uerum
1276 766 1358 830 illud

145 864 165 928 8
211 878 375 962 gaudium,
402 894 511 940 ueram
538 874 692 940 laetitiam
717 872 876 938 desiderat
898 872 1045 937 osculari.
1073 873 1149 956 quid
1173 876 1223 936 est
1244 873 1356 956 igitur:

180 987 428 1050 aesculetur
469 1001 526 1047 me
568 982 613 1046 ab
656 980 814 1046 osculis
857 979 939 1044 oris
978 979 1065 1043 sui?
1103 980 1266 1044 considera
1303 980 1356 1043 uel

212 1091 379 1157 ecclesiam
415 1089 480 1154 iam
518 1088 572 1152 diu
606 1087 762 1172 promisso
801 1086 862 1150 sibi
898 1105 954 1168 per
991 1071 1161 1169 prophetas
1199 1086 1400 1152 dominicoss

212 1198 351 1261 aduentu
387 1215 444 1278 per
479 1197 622 1278 tempora
657 1194 760 1258 multa
793 1211 980 1274 suspensam
1012 1193 1065 1257 uel
1097 1193 1244 1270 animam,
1277 1211 1357 1274 quae

211 1306 340 1369 eleuans
374 1321 407 1366 se
435 1321 453 1366 a
481 1320 609 1384 corpore
643 1299 797 1365 abdicatis
825 1299 947 1364 luxurie
976 1302 1072 1382 atque
1100 1299 1222 1364 deliciis
1247 1300 1357 1383 uolup-

210 1411 397 1491 tatibusque
426 1408 614 1481 carnalibus,
643 1409 736 1472 exuta
759 1425 884 1489 quoque
909 1406 1123 1471 sollicitudine
1147 1407 1356 1471 saccularium

168 1543 193 1578 ιυ
211 1517 391 1580 uanitatem
418 1515 483 1580 iam
511 1514 630 1578 dudum
654 1513 845 1578 infusionem
870 1511 931 1576 sibi
955 1511 1081 1577 diuinae
1104 1513 1300 1595 praesentiae
1325 1517 1357 1576 et

212 1622 346 1706 gratiam
386 1621 475 1686 uerbi
517 1621 665 1685 salutaris
707 1621 844 1701 exoptet,
887 1620 1119 1696 commacerari,
1136 1634 1140 1642 ·
1157 1618 1241 1701 quod
1287 1638 1355 1684 sero
1470 1634 1473 1640 ’

211 1729 329 1809 ueniat,
354 1732 387 1792 et
419 1727 525 1811 adfligi
558 1730 590 1790 et
626 1723 696 1790 ideo
730 1723 822 1808 quasi
860 1724 1058 1788 uulneratam
1095 1724 1246 1800 cantatio,
1283 1743 1353 1788 oum

210 1854 315 1899 moras
340 1835 408 1899 eius
431 1835 512 1899 ferre
535 1851 596 1898 non
618 1832 732 1913 possit,
757 1849 940 1895 conuersum
970 1829 1008 1893 ad
1032 1833 1153 1911 patrem
1176 1849 1295 1916 rogare,
1319 1833 1356 1894 ut

210 1943 320 2006 mittat
346 1942 407 2005 sibi
435 1940 529 2004 deum
556 1939 700 2014 uerbum,
730 1940 762 2002 et
789 1957 928 2017 causam,
953 1955 1015 2018 qua
1043 1937 1086 2002 sit
1113 1937 1158 2002 ita
1185 1937 1399 2020 inpatiens,c

166 2074 194 2114 ιε»
212 2049 370 2114 declarare
394 2048 566 2111 dicentem:
601 2047 811 2110 osculetur
837 2063 895 2108 me
925 2044 969 2108 ab
994 2043 1150 2108 osculis
1175 2044 1256 2108 oris
1281 2044 1353 2108 sui.

211 2175 273 2221 non
301 2175 401 2220 unum
429 2155 575 2219 osculum
603 2152 734 2234 quaerit,
763 2150 819 2216 sed
846 2151 937 2234 plura
961 2151 1080 2229 oscula,
1104 2155 1141 2214 ut
1164 2150 1355 2215 desiderium

212 2282 306 2328 suum
334 2262 437 2346 possit
464 2260 602 2343 explere,
631 2277 711 2341 quae
740 2257 823 2322 enim
851 2259 957 2342 diligit
978 2279 1038 2324 non
1064 2262 1114 2324 est
1136 2258 1229 2324 unius
1254 2258 1355 2323 osculi

210 2369 364 2452 parcitate
391 2371 548 2445 contenta,
577 2366 632 2431 sed
659 2367 752 2448 plura
778 2366 886 2449 exigit,
914 2368 1005 2448 plura
1031 2366 1173 2431 uindicat
1199 2366 1297 2430 etita
1321 2383 1355 2429 se

213 2476 349 2559 amplius
378 2476 492 2540 dilecto
522 2472 739 2539 commendare
765 2472 941 2537 consueuit.
971 2472 1104 2555 denique
1128 2473 1184 2536 illa
1206 2473 1237 2536 in
1263 2490 1354 2536 euan-

165 2610 192 2649 20
212 2583 295 2666 gelio
320 2583 367 2647 sic
389 2581 520 2664 probata
544 2584 604 2655 cst,
628 2579 799 2662 quianon
829 2579 1015 2644 cessauit
1042 2579 1147 2662 inquit
1174 2579 1353 2642 osculari

211 2688 333 2770 pedes
354 2706 470 2752 meos.
497 2692 535 2752 et
553 2687 645 2751 ideo
664 2686 838 2752 remissa
857 2689 951 2750 sunt
970 2686 1005 2749 ei
1029 2688 1193 2768 peccata
1216 2686 1352 2754 multa.

212 2795 305 2876 quia
338 2794 486 2859 dilexit
517 2795 698 2859 multum.
732 2811 805 2876 ergo
835 2795 867 2857 et
894 2793 971 2856 haec
999 2792 1101 2855 anima
1133 2792 1241 2856 oscula
1264 2791 1397 2856 uertit)

211 2902 313 2965 multa
345 2900 512 2979 desiderat,
546 2904 583 2964 ut
614 2900 821 2964 inluminatur
853 2899 978 2963 diuinae
1006 2898 1196 2982 cognitionis
1224 2897 1352 2962 lumine.

299 3170 414 3226 dCant.
434 3172 495 3234 1,2
559 3168 1146 3234 5‘uelecclesia'...648,10‘infundere'
1169 3168 1353 3232 cusas

210 3260 453 3330 (11548EFB.)
511 3260 543 3313 12
564 3257 641 3313 Cant.
662 3258 722 3322 5,8
777 3259 812 3313 20
830 3257 894 3312 Luc.
915 3258 940 3321 l,
959 3259 994 3312 45
1013 3262 1041 3311 et
1058 3258 1093 3311 47

247 3386 259 3438 1
281 3385 430 3454 mirataque
454 3383 480 3436 V
497 3383 555 3452 (qui
573 3399 624 3436 ona.
644 3383 706 3450 646,
716 3383 750 3435 25
770 3399 869 3452 ergo..
884 3383 984 3445 .647,1
1001 3382 1154 3452 nationum)
1191 3385 1208 3436 2
1227 3381 1260 3436 ab
1281 3385 1352 3451 (cap.

208 3474 301 3539 mma
339 3473 355 3526 3
373 3473 420 3526 uel
437 3471 561 3526 Rebecca
571 3514 577 3524 .
589 3514 594 3525 .
606 3517 611 3529 .
625 3471 657 3526 15
677 3471 730 3524 oris
750 3471 792 3525 sui
806 3489 857 3528 om.
875 3473 898 3524 V
949 3471 1044 3525 uidens
1060 3473 1092 3538 (a.
1106 3475 1153 3525 rn2
1166 3472 1180 3524 l
1192 3471 1315 3538 audiens)
1326 3472 1353 3524 A

209 3559 321 3613 audiens
333 3559 366 3613 N
377 3565 402 3614 et
417 3565 486 3628 (exp.
498 3565 523 3613 et
535 3576 556 3614 a.
571 3558 676 3628 uidens)
692 3560 717 3612 T
769 3576 861 3614 uerum
871 3562 930 3630 pm]
941 3561 1028 3613 uirum
1038 3559 1072 3612 N
1081 3565 1106 3613 et
1120 3559 1224 3628 (uerum
1235 3563 1315 3626 corr.)
1330 3559 1354 3614 Τ

209 3651 225 3702 5
245 3647 384 3702 considera
401 3649 488 3717 igitur
506 3649 550 3703 uel
569 3649 599 3703 E
657 3648 673 3701 8
692 3648 793 3720 luxorio
812 3648 840 3700 A
854 3653 897 3702 ml
913 3649 1019 3702 luxuria
1037 3649 1064 3702 A
1079 3652 1125 3702 m2
1138 3649 1218 3702 ΡΤΟ
1234 3649 1352 3704 luxuriae

209 3741 303 3806 (atque
322 3753 381 3806 emp.
400 3739 457 3806 m2)
476 3737 533 3794 atu‘
552 3742 577 3790 et
597 3740 690 3806 (atque
710 3741 771 3802 om.)
791 3736 834 3794 a⁴¹
853 3743 878 3790 et
897 3737 938 3806 (in
956 3753 1010 3805 qao
1027 3737 1142 3804 luxurie)
1163 3739 1193 3791 Ε
1262 3738 1278 3791 9
1298 3738 1352 3791 sol·

207 3825 378 3880 licitudinem
396 3825 430 3879 N
509 3826 542 3879 12
563 3824 657 3894 adfligi
676 3829 703 3878 et
721 3826 749 3879 P
765 3831 791 3878 et
809 3827 849 3894 (et
866 3842 887 3880 a.
907 3842 934 3880 u.
945 3829 1002 3892 m2)
1026 3825 1051 3878 Τ
1068 3825 1182 3896 adfliget
1201 3827 1225 3895 (l
1243 3828 1266 3880 it
1283 3844 1305 3880 s.
1325 3829 1353 3880 et

207 3917 265 3981 m2)
283 3914 311 3968 ‘A
331 3913 430 3984 affligis
444 3914 474 3968 D
493 3913 626 3983 affligitur
642 3912 666 3965 0
682 3912 815 3982 adfligit
833 3913 873 3984 (gi
892 3929 925 3967 car
943 3914 996 3984 git)
1014 3914 1047 3970 ⁵21⁴
1068 3914 1106 3984 (gi
1126 3930 1158 3968 erc
1176 3918 1241 3983 geet
1259 3920 1290 3967 ut
1308 3914 1351 3968 ui·

207 4002 297 4072 detur)
316 4008 362 4056 cet.
435 4002 551 4072 ideoque
571 4001 645 4059 ⁵21¹'E
662 4004 724 4068 (ona.
744 4003 781 4067 et)
843 4002 964 4056 caritatis
984 4003 1009 4072 (e
1028 4019 1049 4058 e.
1068 4004 1092 4067 is
1112 4003 1168 4071 m2)
1183 4003 1211 4056 Ρ
1226 4003 1352 4057 karitatis

209 4095 235 4156 (e
253 4109 274 4146 s.
294 4091 327 4157 is)
348 4092 374 4145 Τ
390 4092 503 4146 caritate
521 4091 555 4145 N
569 4091 595 4161 (e
614 4107 648 4145 ex
665 4091 688 4144 is
707 4093 753 4144 m2
770 4091 839 4156 aab
897 4092 930 4148 14
948 4093 1029 4146 mitat
1047 4092 1073 4145 A
1147 4093 1191 4146 dm
1211 4095 1350 4158 (usmis.

206 4184 245 4245 m)
261 4178 287 4231 A
306 4181 372 4234 deus
390 4180 442 4238 ao
458 4180 489 4235 ds
509 4183 541 4246 (a.
560 4183 608 4233 m2
627 4178 682 4250 drir)
706 4167 794 4233 Tdni
813 4179 887 4234 N‘P‘
944 4180 976 4234 18
995 4181 1225 4250 plurapr.Am1
1243 4181 1267 4245 (l
1285 4180 1352 4234 rima

206 4283 228 4320 a.
248 4284 277 4321 ra
294 4272 352 4335 2112)
371 4267 488 4337 plurima
509 4268 577 4336 T(a
595 4284 616 4321 s.
636 4267 746 4338 ima)0
798 4267 833 4320 22
853 4269 1023 4337 quoniamil
1095 4269 1182 4323 multa
1199 4269 1230 4322 E
