3322 4914
675 349 891 406 Praefatio
1286 353 1359 417 LXI

255 547 342 610 Inter
368 544 467 608 libros
496 546 603 608 autem
632 544 748 626 quibus
778 544 969 627 opusculum
996 544 1033 608 de
1057 544 1125 609 Noe
1150 544 1241 609 nobis
1264 545 1358 609 tradi-

210 655 281 717 tum
314 654 374 729 est,
403 651 541 734 primurn
568 652 676 716 Iocum
708 649 829 716 obtinet
859 651 1099 716 Parisiacus
1134 653 1252 728 12137,
1282 651 1358 715 olim

212 757 412 825 Gorbeiensis
442 755 537 844 (P)1)‚
565 758 685 823 formae
714 758 877 841 oblongae,
908 757 999 822 cuius
1027 757 1090 820 iarn
1115 757 1358 839 descriptionem

209 884 394 948 proponam.
426 866 552 929 constat
575 884 611 929 er
634 865 736 930 tribus
762 864 925 928 codicibus
949 865 1075 930 saeculo
1100 864 1193 928 VIIII
1219 864 1357 946 scriptis,

212 971 266 1053 qui
289 969 552 1050 conglutinatcrr‘s
577 989 670 1054 opera
693 971 724 1034 in
748 990 847 1034 unum
871 989 985 1053 corpur
1010 971 1183 1035 consocIati
1207 974 1291 1036 sunt.
1322 989 1357 1036 ac

210 1076 313 1160 prima
335 1097 407 1160 pars
432 1077 573 1143 continet
594 1077 693 1142 libros
719 1077 756 1141 de
780 1077 848 1142 Noe
871 1077 908 1159 (f.
929 1076 1063 1162 1-252)
1088 1079 1120 1141 et
1142 1077 1181 1141 do
1200 1076 1356 1142 Abraham

210 1184 246 1268 (s.
272 1181 455 1266 atr-60¹¹).
489 1183 522 1247 in
550 1183 620 1249 folii
645 1184 686 1248 60
714 1184 831 1268 pagina
859 1184 966 1265 altera,
992 1202 1071 1266 quac
1096 1183 1291 1248 sectionibus
1315 1185 1357 1248 89

210 1291 298 1355 —93
322 1290 395 1355 libri
419 1291 549 1355 alterius
574 1291 612 1354 de
636 1290 795 1355 Abrabam
817 1292 887 1355 tota
910 1290 1034 1372 expleta
1057 1293 1117 1368 est,
1140 1291 1254 1355 ultima
1281 1291 1358 1355 haec

212 1396 404 1479 suosenpoo
432 1396 565 1480 regua:
598 1397 792 1462 nnrnrorn
823 1398 879 1462 pn
902 1380 982 1464 seo
1002 1396 1212 1462 acarnani
1235 1395 1359 1460 crana

210 1505 252 1567 rr.
276 1502 434 1569 rnorrrn
457 1503 584 1567 arnna
606 1489 761 1569 unaco
777 1503 913 1571 ranno.
936 1503 1020 1568 unce
1040 1503 1103 1566 ram
1123 1503 1265 1568 conicere
1282 1502 1360 1566 noa

210 1609 272 1674 hoe
300 1609 407 1674 codice
437 1609 540 1674 adhuc
567 1610 691 1694 integro
720 1615 844 1693 praeter
870 1610 968 1675 libros
993 1610 1030 1674 de
1054 1609 1123 1674 Noc
1147 1612 1178 1673 et
1200 1608 1358 1674 Abraham

211 1735 265 1781 eos
296 1717 351 1798 qui
378 1716 416 1780 de
444 1719 544 1799 Isaac,
571 1717 608 1781 de
632 1717 714 1782 bono
738 1718 860 1794 mortis,
886 1718 923 1781 de
946 1718 1024 1800 fuga
1047 1716 1177 1794 saeculi,
1202 1715 1240 1780 de
1263 1715 1356 1780 Iacob

208 1821 427 1887 inscribuntur
450 1824 693 1905 comprehensos
717 1825 826 1888 fnisse.
851 1824 980 1888 fluxisse
1004 1825 1111 1887 autem
1131 1841 1204 1887 eum
1224 1841 1259 1886 ex
1276 1821 1358 1885 libro

210 1927 383 1992 maioribus
406 1928 524 1993 litteris
550 1932 673 1994 exarato
699 1948 735 1993 eo
760 1929 919 1993 anincitur
943 1928 1027 2009 quod
1051 1927 1225 2010 scripturae
1249 1927 1358 1991 eadem

210 2035 273 2098 fore
298 2053 377 2116 quae
401 2034 433 2098 in
456 2034 545 2100 libris
566 2034 797 2117 antiquissimis
818 2036 957 2100 cernitur
974 2035 1054 2100 ratio
1075 2037 1133 2100 cst.
1158 2053 1230 2098 nam
1250 2053 1357 2116 quam-

212 2159 306 2222 quam
329 2140 476 2205 librarius
500 2141 617 2206 litteris
641 2141 773 2206 minutis
797 2161 876 2206 usus
901 2144 960 2223 est,
983 2144 1088 2206 tamen
1113 2141 1238 2224 singula
1260 2142 1358 2205 uerba

208 2247 241 2309 in
271 2246 436 2311 scribendo
465 2246 511 2311 ita
539 2247 709 2326 coniunxit,
733 2247 882 2312 utnulla
909 2248 973 2312 fere
996 2247 1079 2312 inter
1102 2267 1139 2312 ea
1162 2246 1264 2330 spatia
1286 2247 1357 2311 reli·

211 2354 323 2435 querit.
362 2355 523 2418 correctus
552 2356 602 2418 est
629 2354 681 2418 hic
709 2354 805 2419 codar
832 2354 1001 2438 permultIs
1024 2353 1103 2420 locis
1129 2353 1237 2418 eadem
1261 2373 1355 2418 manu

209 2571 306 2639 spexit,
324 2569 444 2624 rationes
463 2570 588 2640 opinatus
613 2571 655 2624 est
678 2585 731 2624 non
756 2571 842 2624 solnm
866 2570 935 2624 illud
954 2570 1019 2624 anni
1036 2574 1143 2639 tempus
1162 2587 1214 2640 quo
1235 2575 1295 2624 sata
1312 2571 1354 2623 in·
1419 2615 1432 2623 .

208 2662 346 2712 crementa
378 2659 489 2728 capiunt
521 2659 566 2712 uel
596 2675 715 2712 mensem
743 2659 880 2722 Martium,
909 2659 956 2712 sed
989 2659 1072 2712 etiam
1104 2658 1134 2712 id
1166 2676 1217 2728 quo
1252 2658 1356 2713 semina

208 2749 296 2800 terrae
319 2745 481 2800 mandantur
503 2747 550 2800 uel
575 2747 759 2816 Septembrem
784 2748 848 2800 anni
870 2746 1031 2816 principium
1055 2764 1113 2800 esse
1131 2764 1210 2816 posse
1228 2747 1301 2817 (456,
1320 2747 1354 2800 22

209 2839 289 2904 sqq).
309 2840 390 2905 atque
416 2835 510 2889 eodem
532 2836 613 2890 modo
639 2837 711 2902 (457,
730 2837 746 2889 2
766 2842 835 2906 sqq.)
860 2836 889 2889 id
912 2835 984 2904 quod
1008 2835 1036 2889 in
1056 2833 1154 2890 Genesi
1174 2836 1199 2900 8,
1218 2835 1356 2904 elegitur

207 2932 297 2978 arcam
320 2941 412 2978 mense
436 2925 551 2993 septimo
576 2924 686 2991 sedisse,
707 2941 765 2979 curn
784 2909 915 2987 Philonis,
936 2925 982 2993 qui
1005 2925 1075 2978 banc
1099 2941 1155 2978 reru
1178 2941 1232 2978 non
1251 2924 1353 2994 tetigit,

209 3012 242 3066 de
267 3013 364 3067 diluuii
388 3013 496 3067 exordio
519 3014 651 3067 relatione
675 3014 828 3068 consociare
852 3018 963 3068 conatus
987 3017 1036 3068 est.
1064 3027 1118 3067 non
1143 3017 1232 3067 autern
1258 3014 1355 3067 mirum

208 3105 252 3156 est
276 3102 376 3172 duplici
400 3102 448 3156 illo
473 3102 647 3172 computandi
671 3103 751 3157 modo
775 3102 848 3156 haud
872 3103 981 3172 exiguas
1004 3103 1160 3172 legentibus
1179 3102 1355 3156 difficultates

207 3189 315 3243 adlatas
334 3207 400 3244 esse.
417 3191 464 3259 qui
479 3208 539 3244 curn
554 3192 702 3260 scripturae
716 3192 800 3247 uerba
813 3207 902 3246 accuse
915 3192 1034 3245 secundo
1049 3192 1192 3244 restItuere
1205 3189 1353 3255 studerent,

206 3275 433 3346 interpolationes
462 3280 525 3333 illae
553 3297 622 3348 quae
650 3297 722 3333 nunc
748 3280 777 3333 in
804 3280 881 3334 libris
906 3280 1107 3349 conspiciuntur
1123 3283 1205 3333 natae
1224 3282 1296 3332 sunt.
1315 3280 1353 3332 sie

206 3367 269 3430 456,
289 3368 305 3420 2
325 3368 480 3422 coniectura
499 3369 563 3421 clim
582 3367 610 3421 in
630 3369 752 3438 margine
772 3368 908 3438 adscripta
927 3369 955 3422 in
976 3368 1081 3422 codices
1097 3385 1189 3421 ornnes
1203 3367 1289 3421 inlata
1303 3371 1352 3420 est.

207 3455 328 3509 ciusdem
347 3456 460 3525 originis
481 3460 522 3510 est
541 3456 682 3510 adnotatio
700 3458 848 3512 secuudum
866 3455 1023 3512 hebraicum
1045 3457 1190 3511 aetatulam
1208 3471 1296 3510 mense
1313 3471 1352 3508 se·

208 3545 298 3597 mendo
316 3560 399 3598 manu
418 3545 505 3598 altera
522 3545 550 3598 in
569 3545 689 3614 margine
708 3545 771 3599 libri
789 3545 814 3598 D
835 3545 948 3600 adiecta.
972 3561 1061 3614 neque
1087 3543 1196 3597 dubium
1217 3545 1267 3610 est,
1287 3544 1352 3611 quin

208 3649 290 3686 causa
313 3633 442 3694 our445,
464 3632 496 3685 18
520 3632 603 3686 uerba
626 3634 739 3700 septimo
762 3649 851 3687 meare
875 3633 1066 3686 omitterentur
1084 3649 1138 3686 non
1158 3648 1230 3684 error
1249 3631 1352 3684 librarii

207 3721 297 3785 fuerIt,
317 3720 365 3774 sed
392 3721 478 3775 lector
506 3719 625 3789 quidam.
650 3737 710 3774 cnm
737 3721 864 3776 mendum
892 3721 1002 3775 subesse
1031 3724 1150 3790 putaret,
1170 3719 1292 3776 consulto
1322 3737 1353 3776 ea

206 3809 364 3877 neglexerit.

252 3896 272 3963 ¹)
292 3897 387 3951 folium
406 3898 521 3966 palmum
534 3898 700 3974 praecedunt
714 3897 766 3958 duo
783 3899 817 3952 ad
829 3899 929 3952 librum
943 3897 1091 3966 tegendum
1110 3896 1224 3961 adlecta,
1239 3913 1352 3966 quornm

206 3987 234 4040 in
260 3987 349 4056 priore
374 4003 456 4040 manu
482 3987 583 4041 saeculi
607 3987 699 4040 XVIII
724 3988 854 4056 scriptum
878 3991 930 4041 est:
956 3988 993 4042 ·S.
1018 3986 1145 4040 Germani
1167 3986 1215 4040 lat.
1235 3985 1305 4040 204’2
1324 3985 1352 4038 in

207 4073 272 4129 folio
296 4076 382 4145 prirno
405 4092 501 4128 manus
525 4076 626 4130 saeculi
649 4076 726 4129 XVII
749 4076 816 4129 haec
840 4075 976 4145 adpinxit:
1006 4075 1041 4128 ⁶8.
1065 4075 1141 4128 Petri
1165 4073 1352 4136 corbeiensis,

207 4164 304 4232 quibus
326 4167 424 4233 postca
447 4181 541 4217 manus
565 4164 676 4218 saeculi
690 4163 780 4217 XVIII
803 4165 870 4218 haec
889 4163 1001 4218 adiecit:
1027 4163 1063 4217 ⁶8.
1084 4162 1210 4216 Germani
1229 4179 1245 4215 a
1263 4162 1352 4216 Prot-is

206 4269 233 4306 n.
252 4253 314 4319 204,
334 4253 398 4306 olim
420 4254 488 4307 121³.
