3342 4920
279 389 343 453 620
754 380 955 434 Ambrosii

278 580 393 662 quibus
417 577 599 662 congregati
621 577 680 640 filii
704 574 856 640 ecclesiae
879 593 1012 658 regnum
1033 572 1152 639 Christi
1177 571 1427 638 sacratissimum

279 670 496 768 propagarunt
518 683 684 748 uenientes
709 681 747 744 ab
767 681 889 745 oriente
908 682 1003 762 atque
1022 679 1196 756 occidente,
1215 679 1430 762 septentrione

278 810 314 856 ac
337 789 480 855 meridie.
505 789 744 872 quadrupertito
767 787 867 872 igitur
885 788 983 852 latere
1003 789 1113 851 sancta
1131 786 1265 851 surrexit
1283 785 1428 852 ecclesia.

278 897 371 961 decas
404 914 530 979 quoque
554 917 590 960 er
617 896 680 960 isto
708 913 839 960 numero
869 893 1022 977 adsurgit.
1056 892 1086 957 si
1113 893 1196 957 enim
1220 893 1366 956 conectas
1391 893 1429 956 ab

278 1023 341 1068 nno
360 1022 462 1084 usque
483 1006 643 1085 quattuor,
663 1003 724 1066 hoc
744 1001 836 1067 modo
857 1000 1013 1065 decimam
1031 1000 1140 1066 facies.
1165 1004 1301 1082 conputa
1319 1019 1428 1070 unum,
1462 1019 1474 1057 ⁵

279 1108 359 1174 adde
382 1109 429 1173 illi
459 1110 538 1173 duo:
571 1108 652 1174 fiunt
674 1113 750 1174 tres.
784 1107 863 1172 adde
887 1107 990 1171 tribus
1014 1110 1093 1172 tres:
1125 1106 1206 1171 fiunt
1234 1125 1296 1171 ser.
1331 1111 1362 1170 et
1390 1106 1427 1172 ad
1493 1105 1518 1159 D

280 1234 334 1279 ser
357 1215 436 1280 adde
461 1218 625 1298 quattuor:
648 1216 730 1280 fiunt
754 1215 877 1279 decem.
897 1217 997 1278 tetras
1020 1213 1120 1298 igitur
1144 1213 1299 1278 decimam
1317 1213 1427 1295 inplet,

279 1320 373 1386 decas
397 1341 564 1386 numerum
589 1341 714 1386 omnem
738 1320 960 1404 conplectitur.
985 1323 1136 1403 quattuor
1159 1340 1283 1403 quoque
1308 1323 1427 1385 aetates

279 1430 354 1491 sunt
377 1428 528 1493 hominis:
556 1428 694 1512 pueritia
718 1427 935 1492 adulescentia
961 1427 1113 1492 iuuentus
1142 1427 1320 1493 maturitas.
1352 1447 1428 1510 pau-

278 1534 369 1598 latim
393 1534 538 1619 adsurgit
561 1537 594 1599 et
615 1535 766 1599 fundatur
784 1533 949 1616 sapientia.
973 1533 1081 1616 itaque
1100 1550 1226 1598 summa
1243 1534 1427 1615 prudentiae
1446 1554 1471 1592 ιο

279 1643 390 1722 quarto
425 1644 566 1706 aetatum
601 1641 708 1706 ordine
740 1641 843 1705 uenit.
874 1641 1051 1723 meritoque
1083 1640 1144 1705 etsi
1172 1641 1242 1722 quis
1271 1643 1342 1705 ante
1366 1642 1425 1706 sub

278 1766 352 1829 rege
384 1748 523 1831 Aegypti
554 1749 626 1826 fuit,
659 1746 842 1812 maturioris
874 1750 981 1812 tamen
1012 1749 1116 1811 aetate
1145 1745 1270 1812 consilii
1298 1748 1360 1812 erit
1388 1747 1425 1812 de

278 1855 436 1935 potestate
461 1854 529 1919 eius
553 1857 586 1919 et
608 1855 713 1938 legem
738 1853 799 1918 sibi
824 1853 970 1936 agnoscit
993 1853 1196 1937 sequendam.
1228 1855 1306 1917 tunc
1332 1853 1369 1918 fit
1397 1853 1425 1918 ei
1494 1854 1516 1906 Ε

278 1960 364 2024 uitae
382 1961 478 2026 istius
498 1980 582 2025 mare
601 1960 759 2044 peruium.
783 1960 897 2024 similis
915 1959 995 2026 ratio
1015 1964 1065 2026 est
1082 1960 1133 2026 his
1154 1980 1234 2042 quae
1254 1961 1427 2046 gignuntur

278 2067 356 2132 solo.
394 2067 450 2132 ubi
489 2085 596 2133 semen
635 2087 780 2149 sparsum
817 2067 924 2140 fuerit,
962 2067 1057 2132 lrumo
1091 2067 1230 2132 soluitur
1262 2070 1295 2131 et
1323 2067 1423 2150 primo
1444 2084 1470 2124 ιδ

277 2173 456 2256 prorumpit
486 2173 518 2237 in
550 2173 700 2251 radicem,
734 2173 845 2237 deinde
874 2173 1039 2256 germinat,
1068 2173 1221 2238 formatur
1246 2173 1369 2238 fructus
1393 2176 1425 2236 et

278 2281 390 2361 postea
426 2279 622 2344 maturescit.
660 2280 786 2344 arbores
824 2299 949 2361 quoque
985 2280 1074 2362 ipsae
1110 2280 1248 2361 primum
1284 2280 1421 2344 fructum

277 2387 392 2463 ferunt,
422 2385 532 2450 deinde
560 2385 628 2469 ipse
656 2385 811 2450 adolescit
833 2387 967 2467 fructus,
992 2405 1122 2452 accessu
1145 2385 1297 2468 temporis
1320 2371 1424 2448 mutat

278 2490 427 2570 colorem,
452 2495 562 2574 quarto
588 2492 694 2556 ordine
718 2495 965 2571 consummatur,
994 2494 1054 2558 hoc
1082 2498 1132 2558 eet
1159 2492 1345 2558 nouissimo.
1378 2492 1423 2555 ita

279 2616 352 2681 ergo
377 2601 409 2662 et
432 2617 489 2662 nos
512 2599 544 2662 in
569 2600 627 2664 hac
651 2602 734 2663 terra
758 2598 946 2664 adflictionis
964 2599 1126 2684 fugiamus
1144 2599 1258 2663 lateres
1277 2597 1421 2676 formare,
1441 2617 1467 2656 ee

276 2703 332 2768 sed
360 2705 481 2789 gemitu
510 2708 542 2770 et
564 2705 704 2770 lacrimis
727 2724 936 2788 prouocemus
961 2705 1080 2771 domini
1103 2705 1361 2783 misericordiam,
1385 2706 1421 2768 ut
1489 2703 1511 2757 F

275 2811 384 2876 mittat
406 2812 498 2878 nobis
522 2813 655 2896 Meysen
679 2817 712 2876 et
733 2813 849 2890 Aaron,
873 2811 933 2876 hoc
958 2813 1133 2896 astiagem
1159 2818 1191 2876 et
1214 2811 1420 2888 sacerdotem,

275 2917 332 2981 sed
363 2919 456 2982 illum
488 2939 600 2983 uerum
633 2918 830 2984 sacerdotem
863 2921 895 2983 et
926 2918 1126 2983 sacerdotum
1152 2919 1338 3001 principem,
1366 2917 1420 2998 qui

274 3025 352 3088 licet
383 3025 464 3089 iuter
500 3025 644 3089 homines
682 3026 871 3103 uersaretur,
910 3024 1075 3090 dicebatur
1113 3017 1205 3091 ecce
1243 3024 1419 3107 spiritus

363 3248 398 3303 20
417 3248 500 3303 Exod.
521 3252 544 3314 1,
565 3252 599 3303 14
653 3251 687 3304 23
706 3250 805 3305 Psalm.
827 3249 930 3304 CVIIlI
948 3252 966 3303 4
984 3251 1067 3304 Hebr.
1087 3254 1112 3317 5,
1131 3252 1147 3305 6
1163 3255 1192 3305 et
1207 3251 1253 3314 10;
1273 3253 1298 3313 7,
1319 3251 1360 3304 17.
1375 3251 1417 3304 21.

274 3337 318 3392 24.
337 3337 371 3391 26
426 3339 461 3392 24
481 3338 578 3392 Thren.
597 3341 624 3403 4,
644 3339 678 3393 20
1117 3353 1119 3358 ’

308 3480 324 3532 2
344 3483 425 3550 atque
445 3481 478 3534 ab
498 3479 637 3535 occidente
656 3481 683 3532 B
728 3481 745 3534 3
764 3497 795 3534 ac
812 3479 865 3533 PC
883 3485 910 3535 et
928 3487 976 3535 cet.
1041 3481 1246 3550 quadrupertito
1265 3480 1293 3533 P
1310 3479 1330 3548 (i
1347 3496 1368 3533 s.
1388 3483 1416 3545 n)

271 3566 469 3638 quadripertito
483 3567 583 3622 Y'DM
599 3569 796 3639 quadripartito
811 3569 896 3623 NBC
931 3570 946 3623 7
962 3572 990 3623 et
1004 3569 1110 3623 fiuntB
1165 3568 1307 3637 decimam]
1325 3568 1416 3622 decem

271 3655 334 3708 nn
422 3658 438 3711 s
457 3656 531 3711 .1111.
550 3657 578 3710 P
668 3657 701 3711 ιο
721 3661 749 3711 ee
766 3657 897 3711 fundatur
916 3659 957 3724 (a
973 3675 1023 3728 my.
1042 3659 1094 3727 aaa
1113 3661 1171 3724 me>
1192 3642 1220 3722 ti
1240 3657 1374 3727 sapientia
1392 3656 1420 3709 P

306 3744 467 3812 prudentiae
484 3745 514 3798 P
530 3745 675 3814 prudentia
697 3746 756 3798 PB
813 3746 843 3799 11
865 3746 917 3807 etsi
930 3746 958 3799 P
972 3750 998 3813 (v
1012 3763 1033 3800 e.
1049 3747 1075 3818 e)
1088 3751 1119 3800 ut
1133 3747 1156 3800 si
1170 3752 1217 3800 cat.
1275 3747 1307 3800 12
1327 3748 1416 3800 aetate

271 3851 324 3889 om.
343 3835 406 3889 DN
494 3837 528 3890 14
546 3837 620 3890 uitae
639 3835 719 3889 istius
737 3835 826 3889 PCM
843 3837 901 3889 nita
919 3837 998 3890 istius
1017 3836 1047 3890 D
1064 3837 1144 3889 istius
1163 3837 1237 3890 uitae
1256 3836 1313 3889 NB
1375 3839 1416 3888 eet

270 3923 297 3976 P
317 3934 339 3986 (s
358 3939 380 3978 a.
398 3925 438 3988 u.)
462 3923 531 3990 ΤΒ,
550 3940 601 3978 om.
621 3931 669 3979 cet.
762 3925 808 3993 qui
826 3924 890 3978 DN
980 3927 1012 3978 15
1030 3925 1111 3978 home
1131 3926 1232 3994 (vae
1249 3941 1294 3992 pr.
1313 3928 1370 3988 m2)
1390 3924 1418 3977 P

271 4013 303 4065 17
323 4011 398 4081 ipsae
417 4013 445 4066 P
463 4016 505 4079 (ae
524 4013 556 4066 a'a
572 4020 640 4077 rue.)
660 4011 714 4066 Bc
730 4013 819 4082 ipsum
837 4014 874 4066 M
889 4014 948 4082 ipse
967 4013 1063 4067 TDN
1112 4014 1147 4067 20
1166 4015 1239 4066 terra
1258 4013 1413 4066 afflictionis

268 4100 321 4154 hac
339 4100 403 4154 DN
439 4101 486 4155 21
507 4102 625 4154 lacrimis
644 4105 672 4155 et
691 4102 795 4170 gemitu
814 4119 940 4156 nocemus
959 4102 1019 4156 DN
1077 4104 1111 4156 22
1131 4118 1239 4156 moesen
1260 4102 1281 4168 (i
1298 4118 1319 4156 e.
1340 4117 1414 4168 epr.

268 4191 325 4254 m2)
344 4189 374 4242 P
425 4190 459 4243 23
479 4188 527 4243 sed
546 4207 596 4244 om.
612 4189 674 4244 DN
745 4207 808 4244 uero
822 4192 885 4244 DN
955 4191 1122 4246 sacerdotem
1143 4196 1170 4257 (v
1188 4207 1210 4244 a.
1230 4207 1244 4244 e
1262 4193 1320 4256 m2)
1339 4191 1414 4261 prin·

269 4277 331 4347 cipu
352 4282 438 4348 (pem
456 4281 514 4346 md)
534 4278 562 4332 P
579 4278 747 4333 sacerdotem
765 4280 915 4350 principum
937 4279 961 4332 0
1013 4281 1048 4333 24
1067 4278 1176 4334 dicebat
1193 4280 1230 4334 M
