3322 4914
290 299 411 424 ’XXVI
769 357 987 412 Praefatio.

174 557 178 566 '
304 554 412 638 Pelag.
436 555 500 618 ΠΗ
526 555 577 630 11,
603 554 655 632 29,
681 556 789 617 contra
810 553 873 622 Iul.
897 553 1003 638 Pelag.
1022 553 1054 617 Π
1073 553 1103 630 2,
1124 553 1154 630 4,
1176 553 1284 617 contra
1307 571 1369 617 sec.
1390 554 1453 616 lul.

305 679 388 742 resp.
411 661 427 724 1
452 661 503 724 66.

349 766 524 832 Ueniamus
553 765 594 830 orl
623 764 702 830 duos
734 765 778 829 de
805 765 1003 830 Abraham
1034 765 1143 842 libros,
1172 783 1317 848 quorum,
1342 783 1453 848 quam·

305 892 401 954 quam
430 872 566 937 maximo
595 872 677 936 inter
705 891 739 936 se
767 871 896 936 uinculo
925 872 1085 937 coniuncti
1112 874 1197 950 sunt,
1223 875 1328 936 tamen
1356 872 1453 956 longe

306 979 432 1043 diuersa
461 981 511 1042 est
537 976 629 1042 ratio.
654 977 772 1041 etenim
799 977 904 1059 priore
926 977 1113 1042 Ambrosius
1143 976 1389 1051 catechumenis,
1414 977 1454 1041 ad

275 1103 440 1168 ·quorum
472 1103 567 1149 usum
599 1082 658 1148 hos
691 1101 851 1148 sermones
885 1083 1074 1167 composuit,
1102 1084 1261 1148 Abraham
1289 1085 1453 1166 tamquam

304 1190 437 1273 perfecti
470 1189 621 1271 sapientis
656 1189 866 1273 omnibusque
899 1189 1074 1254 uirtutibus
1106 1189 1242 1274 praediti
1273 1191 1453 1273 exemplum

304 1296 461 1380 proponit.
495 1315 557 1379 qua
590 1295 627 1360 de
659 1314 692 1361 re
725 1295 876 1377 inspicias
910 1295 1083 1361 sectionem
1116 1296 1257 1374 alteram,
1287 1315 1348 1378 quo
1380 1297 1451 1361 loco

307 1402 466 1468 Ciceronis
492 1399 545 1485 (ad
569 1400 724 1481 Quintum
747 1403 876 1466 fratrem
894 1403 910 1467 I
931 1402 960 1480 1,
981 1401 1011 1480 8,
1032 1400 1088 1489 23)
1112 1401 1219 1468 uerbis
1243 1421 1321 1467 usus
1344 1401 1452 1466 lauda-

305 1510 425 1575 tionem
454 1527 545 1573 sunm
574 1526 647 1572 cum
671 1527 707 1573 ea
732 1511 903 1590 comparat,
929 1528 991 1591 qua
1013 1508 1187 1591 Xenophon
1210 1509 1242 1573 in
1268 1508 1340 1592 Cyri
1362 1508 1453 1573 insti-

305 1616 429 1682 tutione
447 1615 543 1680 huius
562 1614 648 1698 regis
667 1615 833 1680 historiam
853 1619 1062 1680 enarrauerat.
1087 1614 1142 1680 sed
1160 1614 1253 1679 illum
1271 1614 1355 1698 regis
1373 1615 1453 1679 iusti

305 1727 338 1787 et
361 1722 513 1806 sapientis
537 1721 708 1806 imaginem
733 1720 908 1786 secundum
931 1721 1152 1804 philosophiae
1174 1725 1341 1804 praecepta
1358 1721 1453 1786 insor-

305 1829 446 1895 mauisse
475 1828 562 1907 dicit,
588 1847 620 1892 se
650 1832 756 1892 autem
785 1846 898 1892 uerum
922 1827 984 1892 uiri
1008 1827 1159 1911 sapientis
1184 1827 1305 1909 deoque
1327 1827 1453 1910 probati

305 1936 485 2019 exemplum
508 1934 684 2000 secundum
707 1933 882 2017 scripturae
902 1952 1008 1998 sacrae
1026 1933 1122 1998 fidem
1141 1933 1353 1998 exhibiturum
1372 1953 1451 1998 esse.

305 2043 404 2106 altero
434 2044 540 2106 autem
570 2039 651 2104 libro
676 2039 855 2106 continetur
878 2040 1018 2122 capitum
1043 2038 1176 2104 Genesis
1202 2040 1332 2104 12-18
1355 2039 1452 2104 inter-

304 2146 440 2231 pretetio
471 2145 638 2212 sublimior
664 2145 696 2209 in
724 2165 820 2210 usum
849 2145 1100 2210 Christianorum
1128 2146 1335 2230 prouectioris
1359 2146 1452 2210 disci-

307 2254 410 2336 plinae
439 2252 606 2318 destinata.
639 2251 747 2334 itaque
779 2271 939 2317 sermones
967 2253 1040 2317 libri
1063 2253 1187 2337 prioris,
1211 2256 1248 2318 ut
1269 2253 1315 2318 ita
1338 2252 1451 2330 dicam,

305 2359 394 2438 λόγον
419 2358 589 2442 ἐξωτερικόν
617 2359 881 2441 complectuntur,
905 2359 1036 2424 alterius
1060 2379 1135 2424 uero
1160 2379 1319 2425 sermones
1347 2361 1452 2422 ἐσωτε-

306 2468 398 2548 ρικὸν,
422 2464 476 2528 uel
499 2467 536 2528 ut
557 2463 626 2546 ipse
652 2463 697 2528 ait
719 2465 735 2529 I
760 2465 789 2544 1,
812 2465 827 2528 1
855 2468 888 2529 et
910 2465 941 2530 Π
967 2468 1047 2543 1,1,
1070 2465 1124 2529 illc
1148 2466 1299 2530 moralem
1321 2468 1355 2529 et
1377 2464 1451 2528 sim·

304 2571 421 2654 plicam
440 2574 610 2636 tractatum
630 2572 779 2647 continet,
795 2571 846 2635 hic
867 2571 1040 2637 doctrinam
1060 2573 1202 2636 altiorem
1223 2573 1255 2637 ct
1273 2571 1449 2654 mysticam,

306 2679 345 2742 acl
374 2697 470 2761 quam
497 2679 560 2742 nisi
587 2678 722 2742 initiatis
752 2677 858 2742 aditus
882 2697 943 2743 non
966 2681 1084 2759 pateat.
1122 2699 1193 2745 cum
1217 2678 1317 2763 igitur
1338 2678 1371 2741 in
1394 2679 1450 2742 illo

304 2785 471 2850 historiam
503 2785 648 2850 Abrahae
682 2785 722 2848 ad
755 2785 931 2868 scripturae
964 2784 1091 2849 diuinae
1129 2785 1223 2850 fidem
1260 2784 1451 2867 exposuerit,

304 2893 396 2957 facilc
418 2891 583 2975 colligitur
601 2910 660 2956 non
680 2891 783 2955 multa
802 2911 873 2955 eum
895 2911 931 2956 ex
950 2891 1021 2955 aliis
1040 2891 1182 2956 fontibus
1201 2891 1342 2973 petiisse.
1366 2910 1451 2955 sum-

304 2999 370 3080 psit
387 3000 494 3062 tamen
516 2998 668 3080 quaedam
689 3017 724 3062 ex
743 2997 885 3062 Philonis
904 2997 994 3062 libris
1014 2997 1052 3062 de
1072 2998 1260 3082 migratione
1275 2997 1419 3062 Abrahae
1429 2997 1451 3082 ¹)

306 3109 338 3170 et
370 3104 409 3169 de
442 3103 575 3168 mutatis
608 3103 804 3186 quorundam
839 3103 1064 3186 nominibrrs,²)
1092 3123 1128 3169 er
1155 3104 1262 3188 legum
1292 3123 1451 3170 sacrarum

304 3211 475 3296 allegoriis,
484 3209 508 3292 ³)
522 3214 682 3293 praeterea
702 3214 848 3292 quartum
867 3208 1094 3289 Quaestionum
1114 3210 1145 3273 in
1166 3208 1315 3275 Genesim
1333 3210 1451 3274 librum

306 3338 378 3383 eum
401 3317 453 3382 hic
476 3317 544 3380 illic
562 3317 739 3398 respexisse
760 3335 871 3381 auaro
891 3335 953 3382 non
972 3315 1158 3400 ahhorretfi)
1183 3335 1219 3381 ex
1238 3316 1450 3401 gnomologia,

303 3426 335 3490 in
370 3444 431 3508 qua
459 3426 581 3507 septem
610 3423 790 3507 sapientum
819 3423 904 3488 dicta
932 3428 1074 3488 enarrata
1106 3426 1204 3502 erant,
1232 3422 1341 3487 hausit
1370 3421 1451 3486 illud

303 3527 377 3594 ἕπου
404 3533 470 3613 θεῷ
499 3527 588 3613 (503,
615 3532 666 3608 15,
691 3529 731 3594 cf.
756 3531 831 3609 567,
858 3529 924 3614 15),
949 3529 1034 3612 quod
1063 3530 1147 3613 apud
1172 3528 1343 3594 Stohaeum
1366 3528 1450 3592 Illor.

303 3639 416 3703 11180
440 3638 468 3719 (I
493 3637 555 3701 173
580 3634 638 3722 Η.)
666 3637 836 3719 incapite,
867 3635 951 3718 quod
979 3633 1134 3700 Σωοιάδου
1162 3645 1220 3699 τῶν
1253 3631 1325 3700 ἑπτὰ
1348 3643 1450 3720 σοφῶν

304 3738 458 3828 hnobpacu
480 3742 673 3821 inscribitur,
697 3743 836 3826 primum
859 3745 965 3808 locum
990 3743 1122 3809 obtinet.
1146 3761 1258 3808 uersus
1276 3740 1451 3805 Androma-

350 3915 369 3982 1)
389 3915 422 3970 cf.
442 3917 504 3983 504,
524 3917 571 3982 19,
590 3916 651 3981 505,
670 3919 698 3980 5,
720 3917 783 3982 512,
805 3918 850 3981 13,
871 3917 932 3980 535,
951 3917 995 3970 23.

349 4002 371 4070 ²)
391 4004 424 4058 cf.
444 4007 506 4072 522,
526 4007 541 4059 'l
561 4022 601 4075 sq.
609 4027 616 4069 ,
636 4006 698 4069 526,
718 4009 742 4060 5.

349 4091 370 4159 ³)
391 4092 425 4149 cf.
444 4095 505 4157 514,
527 4094 554 4157 1,
574 4095 636 4160 522,
656 4095 685 4157 7,
706 4094 768 4160 534,
787 4095 816 4158 2,
837 4095 898 4157 541,
918 4094 966 4159 23,
988 4093 1048 4157 558,
1068 4094 1114 4157 20,
1136 4094 1196 4156 559,
1218 4094 1241 4148 1.

348 4181 368 4249 ⁴)
389 4181 421 4236 cf.
441 4184 503 4248 527,
525 4181 569 4246 12,
590 4182 651 4243 539,
672 4184 702 4246 5,
723 4183 785 4245 542,
798 4183 829 4246 4,
850 4183 911 4244 555,
926 4185 955 4246 4,
976 4185 1094 4236 ceterum
1108 4199 1172 4236 num
1187 4184 1282 4251 quarto
1298 4179 1368 4236 libro
1386 4196 1449 4234 usus

304 4269 341 4322 sit
359 4271 516 4325 Ambrosius
535 4287 595 4324 mox
614 4270 766 4324 accuratius
786 4270 979 4342 disputabitur.
