3322 4914
303 348 425 412 XXXI]
776 341 991 396 Praelatio.

305 541 473 623 quominus
508 559 580 603 cum
614 557 649 601 ex
682 536 793 601 eodem
821 535 919 615 fonte,
949 555 1011 618 quo
1040 538 1072 601 16
1102 537 1200 602 simili
1228 539 1298 603 loco
1327 539 1402 617 478,
1433 540 1453 602 5

304 665 384 710 usus
413 647 462 710 est
490 643 543 727 (cl.
572 663 602 724 p.
632 640 745 728 XXV),
774 640 921 705 hausisse
946 643 1136 708 statuamus.
1165 641 1353 707 imitationis
1377 643 1454 708 Uer·

305 753 440 838 gilianac
472 751 504 814 iu
537 749 597 814 hoc
630 748 740 813 libello
774 767 873 812 unum
907 751 1031 813 tantum
1060 768 1095 814 ac
1125 749 1202 814 satis
1231 751 1326 814 tenuo
1355 750 1453 814 uesti-

305 860 395 942 gium
421 858 507 921 inest
533 877 563 940 p.
594 856 668 931 654,
699 856 717 917 2
748 855 780 917 16
803 854 911 918 uerbis
936 856 993 919 ‘exi
1018 855 1159 920 seruitio¹
1184 855 1239 941 (cf.
1263 855 1360 940 Uerg.
1385 855 1453 920 Ecl.

303 967 319 1030 Ι
355 963 444 1050 40),,
466 983 561 1045 quam
601 961 796 1027 locutionem
837 961 1025 1026 Ambrosius
1067 962 1233 1045 permultis
1275 962 1355 1027 locis
1401 962 1453 1026 66-

305 1072 411 1136 hibuit
427 1068 448 1156 ¹)

351 1174 438 1255 Quae
461 1175 541 1240 ratio
565 1175 646 1238 inter
668 1173 814 1236 libellum
837 1173 875 1236 66
897 1174 987 1237 Isaac
1011 1177 1043 1238 et
1067 1174 1257 1256 opusculum
1282 1173 1326 1238 de
1350 1175 1451 1240 bono

304 1284 448 1349 mortis
472 1281 679 1346 intercederet
693 1280 757 1344 iam
774 1299 869 1362 supra
883 1277 1146 1362 significauimus.
1170 1279 1215 1344 ita
1228 1281 1311 1345 inter
1330 1300 1363 1345 66
1383 1283 1454 1346 nexi

306 1393 338 1454 66
359 1389 460 1473 iugati
485 1391 570 1464 sunt,
595 1391 632 1451 ut
656 1386 747 1469 quasi
770 1406 869 1450 unum
893 1405 1007 1468 corpus
1037 1385 1184 1451 alliciant.
1219 1407 1291 1450 nam
1320 1407 1392 1452 cum
1419 1389 1452 1453 in

200 1573 204 1584 ,
305 1497 420 1561 ultima
446 1496 535 1560 illius
564 1498 652 1576 parte
675 1493 863 1558 Ambrosius
893 1492 1037 1556 dixisset:
1072 1499 1155 1574 ‘ergo
1189 1513 1250 1558 non
1282 1493 1452 1559 timeamus

304 1605 449 1676 montem,
483 1602 630 1684 quoniam
662 1599 788 1682 requies
821 1601 870 1662 est
907 1599 1056 1681 corporis,
1095 1600 1216 1664 animae
1255 1605 1361 1664 autem
1400 1603 1454 1666 uel

303 1709 434 1773 libertas
463 1708 516 1772 uel
544 1706 724 1783 absolutio’,
754 1705 871 1768 iamin
895 1704 1012 1769 hocid
1037 1705 1098 1770 sibi
1121 1707 1297 1790 proposuit,
1322 1711 1358 1774 ut
1382 1727 1452 1772 eam

304 1816 494 1880 sententiam
522 1814 653 1879 uberius
682 1813 852 1895 explicaret
879 1815 912 1876 66
943 1812 1153 1879 confirmaret.
1187 1835 1282 1897 quam
1315 1815 1353 1878 ad
1385 1833 1452 1877 rem

304 1943 365 1987 non
391 1923 496 1986 solum
518 1920 639 2004 largam
663 1939 769 1984 sacrae
794 1920 969 2002 scripturae
993 1921 1146 1998 locorum,
1167 1921 1282 2002 quibus
1302 1921 1354 1986 hic
1372 1920 1453 1985 liber

303 2028 437 2092 refertus
467 2030 525 2103 666,
555 2045 692 2091 messem
722 2027 783 2090 sibi
812 2025 1017 2108 comparauit,
1047 2025 1102 2090 sed
1132 2026 1227 2090 etiam
1253 2047 1289 2090 ex
1312 2027 1452 2110 philoso-

304 2134 396 2216 phiae
432 2133 552 2196 horreis
592 2151 671 2214 quae
709 2132 749 2196 ad
785 2151 850 2194 rom
889 2150 979 2195 suam
1016 2131 1215 2213 pertinebant
1248 2133 1452 2216 deprompsit.

303 2239 424 2304 etenim
455 2239 566 2303 mortis
600 2236 751 2312 definitio,
781 2255 860 2318 quae
891 2238 966 2315 731,
998 2239 1035 2300 11
1066 2237 1195 2322 legitur,
1225 2257 1297 2304 oum
1322 2259 1358 2303 ea
1382 2258 1452 2304 con-

305 2347 395 2410 66616
428 2365 507 2428 quae
539 2346 571 2409 in
599 2344 741 2409 Platonis
769 2341 938 2407 Phaedone
969 2342 1009 2407 67
1035 2344 1063 2407 D
1087 2345 1214 2428 legitur.
1248 2349 1343 2428 atque
1367 2347 1451 2411 huno

305 2453 468 2536 dialogum
496 2451 593 2516 altero
623 2469 747 2531 quoque
776 2449 845 2513 loco
876 2448 916 2533 (s.
942 2447 997 2535 51)
1022 2450 1139 2515 diserte
1163 2451 1364 2536 significauit,
1389 2471 1451 2533 quo

304 2578 391 2624 more
412 2577 470 2623 suo
490 2558 656 2621 Platonem
676 2556 774 2620 uerba
793 2555 849 2618 illa
867 2556 1078 2638 pulcherrima
1097 2557 1129 2621 in
1150 2557 1287 2623 Socratis
1312 2559 1452 2624 oratione

304 2663 362 2750 (63
388 2662 462 2751 C)²)
490 2684 524 2728 ex
548 2663 689 2728 Hesdrae
713 2662 793 2726 libro
819 2665 940 2743 quarto,
962 2663 1057 2727 cuius
1080 2665 1168 2729 locos
1192 2665 1312 2730 multos
1335 2665 1367 2729 in
1391 2665 1452 2729 hoo

305 2772 459 2854 opusculo
485 2770 607 2834 adlatos
631 2769 740 2845 habes,
764 2768 910 2832 hausisse
935 2769 1106 2833 contendit.
1133 2771 1207 2848 741,
1228 2773 1270 2835 20
1290 2791 1336 2853 sq.
1357 2771 1396 2835 ad
1416 2791 1452 2835 ea

304 2878 425 2942 adlusit
448 2897 528 2959 quae
545 2877 638 2940 Plato
663 2875 700 2940 de
723 2895 757 2938 ro
777 2875 867 2957 publ.
890 2875 919 2939 X
944 2877 1008 2940 626
1032 2876 1059 2940 Α
1084 2878 1238 2960 exposuit,
1260 2897 1450 2960 quamquam

306 2984 367 3048 alio
392 3004 518 3067 quoque
535 2984 622 3048 16666
647 2983 679 3047 16
703 2982 855 3047 hocloco
880 2983 1092 3049 concinnando
1117 3003 1196 3048 usus
1221 3004 1291 3050 6666
1314 2983 1450 3050 uidetur.

304 3090 418 3155 deinde
447 3109 525 3178 quae
556 3090 629 3168 731,
661 3091 699 3154 11
731 3089 821 3152 dicit:
851 3090 945 3154 ‘rnors
974 3090 1053 3155 nihil
1081 3091 1119 3154 ad
1143 3092 1212 3156 nos‘
1235 3095 1267 3156 et
1292 3093 1332 3156 13
1355 3091 1451 3174 ‘quod

306 3196 385 3260 nihil
405 3197 502 3260 scutit
520 3196 598 3260 nihil
622 3195 660 3260 66
684 3202 752 3259 nos’
776 3195 822 3258 ita
845 3196 1025 3277 conspirant
1048 3216 1120 3261 cum
1143 3197 1272 3279 Epicuri
1296 3197 1452 3262 sententia

304 3301 349 3388 (p.
371 3304 423 3382 71,
443 3323 473 3366 6.
495 3303 514 3366 2
533 3303 565 3366 16
587 3302 718 3367 Useneri
736 3299 930 3386 Epicureisl:
958 3299 973 3365 b
993 3299 1126 3373 θάνατος
1149 3297 1234 3366 οὐδὲν
1258 3305 1333 3387 πρὸς
1355 3298 1448 3388 ἡμᾶς·

301 3410 336 3470 τὸ
359 3405 415 3492 γάρ
440 3408 580 3470 διαλυθὲν
605 3404 788 3490 ἀναισθητεῖ·
812 3407 845 3468 τό
865 3407 890 3469 δ’
911 3405 1111 3492 ἀναισθητοῦν
1140 3401 1226 3470 οὐδὲν
1253 3410 1330 3492 πρὸς
1356 3403 1451 3494 ἡμᾶς,

306 3517 343 3576 66
374 3513 512 3577 dubitari
543 3515 688 3595 nequeat,
722 3513 797 3593 quin
824 3512 953 3594 Epicuri
984 3513 1130 3577 libellum
1160 3514 1215 3594 qui
1241 3515 1340 3598 κύριαι
1367 3513 1451 3586 δόξαν

303 3620 489 3684 inscribitur
515 3619 548 3683 in
575 3638 642 3683 rem
667 3639 757 3684 suam
787 3617 1026 3703 conuerterit.³)
1053 3639 1205 3702 quaeres
1231 3621 1452 3703 comprobatur

353 3793 371 3859 1)
391 3793 423 3849 of.
445 3793 510 3846 Hex.
530 3792 554 3845 V
579 3793 621 3859 14,
639 3793 675 3846 49
699 3793 732 3847 66
756 3792 822 3848 Cain
847 3796 874 3846 66
892 3792 962 3846 Abel
984 3792 1012 3846 Π
1035 3793 1060 3856 2,
1080 3793 1096 3846 9
1115 3791 1148 3846 66
1166 3793 1237 3847 hono
1256 3795 1351 3848 mortis
1370 3797 1395 3858 5,
1415 3795 1466 3865 21,

307 3881 339 3935 66
358 3881 439 3935 Iacob
459 3881 530 3948 113,
552 3881 585 3934 12
611 3881 643 3935 66
666 3881 767 3951 Ioseph
785 3883 811 3948 4,
831 3883 864 3935 19
888 3881 980 3935 Enarr.
998 3881 1093 3951 psalm.
1113 3881 1240 3937 XXXVII
1259 3901 1279 3937 6.
1300 3882 1334 3936 28
1354 3881 1386 3935 66
1406 3882 1449 3936 off.

306 3971 370 4024 min.
389 3970 431 4023 Ill
450 3971 481 4042 8,
495 3970 529 4024 63
550 3971 630 4039 epist.
649 3971 692 4033 37,
712 3971 754 4024 24.

350 4059 508 4128 prespexit
530 4063 621 4112 autem
643 4057 758 4111 fortasse
772 4058 862 4111 *simul
886 4074 919 4110 ea
941 4075 1009 4128 quae
1032 4059 1060 4112 16
1078 4059 1202 4114 Platonis
1220 4059 1355 4128 Apologia
1372 4061 1404 4114 41
1426 4063 1450 4112 Α

303 4149 440 4217 leguntur.
459 4148 571 4201 tertium
588 4148 678 4200 locum
698 4163 728 4200 ex
746 4146 891 4200 Phaedone
911 4146 1083 4216 desumptum
1101 4148 1184 4201 habes
1205 4148 1265 4211 739,
1287 4148 1328 4202 15.

351 4237 372 4304 ³)
393 4237 426 4291 of.
446 4237 560 4292 Useneri
579 4237 654 4306 Epic.
674 4236 772 4306 p.·395
792 4237 891 4290 61422
974 4279 976 4284 .
