3322 4914
328 335 403 398 XVI
557 347 561 356 '
794 335 1014 393 Praefatio.

328 531 396 593 eius
415 529 525 594 accitis
545 532 707 611 tamquam
726 531 901 596 luminibus
922 532 1096 596 orationem
1117 534 1270 612 distinxit,
1287 535 1478 603 documento

329 639 412 701 sunt.
450 636 508 700 hos
541 635 649 720 igitur,
682 639 719 701 ut
755 637 906 702 breuitati
939 640 1146 718 consulerem,
1179 640 1260 705 infra
1291 642 1475 727 paginarum

328 761 544 824 uersuumque
577 743 717 807 numeris
751 744 865 808 adlatis
898 745 1115 826 librorumque
1148 746 1306 812 indicibus
1344 750 1478 816 adiectis

329 849 485 933 congessi.
496 849 521 931 1)
554 869 651 913 unum
686 853 810 914 tantum
844 853 1022 916 accuratius
1051 853 1203 932 tractabo,
1233 874 1269 918 ea
1298 855 1367 920 dico
1397 877 1479 939 quae

328 975 357 1036 p.
383 956 436 1034 68,
463 957 503 1019 10
531 955 691 1039 leguntur.
730 959 819 1040 patet
847 958 898 1022 hic
926 959 1092 1024 Timaeum
1116 960 1258 1024 Platonis
1282 981 1313 1044 p.
1339 964 1381 1026 24
1406 983 1477 1046 sqq.

328 1061 1478 1147 significari,uerumscriptoriorensis,quemdmbrosiuscommemorat,

325 1186 387 1231 non
406 1169 498 1232 Plato
517 1173 576 1246 est,
596 1169 651 1234 sed
672 1169 790 1247 Cicero,
814 1171 868 1252 qui
892 1171 1033 1236 Platonis
1057 1172 1222 1237 Timaeum
1248 1163 1476 1258 interpretatus

328 1277 387 1339 est.
413 1295 507 1356 quam
532 1277 572 1340 ob
595 1295 661 1339 rem
685 1277 763 1340 haec
788 1277 883 1341 uerba
905 1277 987 1341 inter
1011 1276 1169 1343 Ciceronis
1197 1280 1374 1364 fragmenta
1401 1282 1479 1346 reoi-

328 1382 443 1464 pienda
475 1401 545 1446 esee
578 1385 666 1465 puto.
702 1383 816 1465 quodsi
843 1384 991 1448 Poerster
1018 1405 1048 1466 p.
1076 1388 1138 1450 100
1168 1386 1314 1450 eximiam
1342 1387 1374 1451 in
1402 1389 1477 1452 Arn-

328 1488 434 1553 brosio
459 1509 564 1553 rerum
588 1490 782 1553 naturalium
807 1490 972 1555 scientiam
995 1491 1096 1555 fuisse
1127 1496 1244 1572 censet,
1254 1493 1280 1574 1)
1304 1513 1374 1558 meo
1403 1513 1480 1558 sane

328 1596 446 1660 iudicio
479 1596 511 1659 in
546 1615 646 1660 errore
680 1599 835 1660 uersatur.
869 1617 907 1660 ne
935 1597 968 1660 id
997 1598 1125 1680 quidem
1153 1599 1321 1664 concedam
1346 1600 1476 1666 Ambro-

330 1702 412 1766 sium
442 1703 611 1784 scriptores
640 1703 780 1780 Latinos,
805 1703 860 1786 qui
883 1704 915 1766 in
938 1704 1032 1768 rebus
1063 1706 1260 1770 naturalibus
1285 1707 1478 1788 explicandis

230 1863 235 1870 .
329 1809 464 1874 maxime
490 1809 713 1886 excelluerunt,
739 1829 847 1874 omnes
871 1811 1000 1894 legisse.
1033 1811 1135 1876 ueluti
1159 1831 1234 1876 num
1257 1812 1476 1878 Plinii-Natu-

312 1917 388 1981 ·rali·
415 1897 566 1980 historiae
597 1917 649 1980 uel
678 1917 806 1998 aliquod
834 1918 977 1982 studium
1005 1918 1196 2002 impenderit
1223 1939 1318 2002 quam
1341 1921 1477 1984 maxime

329 2020 487 2108 dubit0.³)
524 2023 578 2087 uix
609 2023 690 2086 enim
716 2023 781 2087 ullo
806 2025 949 2088 ldxameri
972 2026 1054 2103 loco,
1079 2045 1152 2089 cum
1177 2024 1214 2090 de
1238 2025 1357 2090 eisdem
1381 2027 1478 2090 rebus

330 2128 579 2212 agitu1·,eadem
605 2129 720 2210 quibus
744 2129 868 2194 Plinius
893 2150 971 2195 usus
996 2134 1046 2195 est
1073 2132 1169 2195 uerba
1196 2135 1370 2196 recumunt.
1407 2134 1476 2214 plu-

328 2235 409 2299 rima
432 2254 512 2318 quae
537 2236 575 2298 ad
599 2254 703 2300 rerum
723 2239 851 2299 naturas
873 2236 1094 2302 describendas
1113 2238 1272 2319 pertinent
1291 2257 1325 2302 ex
1345 2239 1477 2314 Basilio,

327 2361 430 2426 panca
453 2361 488 2406 ex
512 2361 549 2406 ea
572 2361 667 2423 quam
689 2343 757 2406 uita
777 2342 937 2406 cotidiana
955 2343 1138 2426 suppeditat
1157 2344 1339 2428 cognitione
1358 2344 1478 2422 hausit,

329 2451 433 2512 cetera
461 2448 525 2513 lere
555 2448 659 2512 omnia
687 2449 728 2513 ad
755 2469 854 2514 unum
885 2453 1046 2515 auctorem
1070 2449 1233 2514 referenda
1256 2454 1340 2527 sunt,
1366 2450 1476 2516 Sueto-

329 2555 428 2632 nium,
454 2558 486 2619 et
510 2554 548 2618 ad
573 2574 669 2618 unum
697 2574 787 2637 opus,
813 2556 907 2619 Prata
931 2554 1085 2638 Suetonii,
1110 2555 1286 2637 dequibus
1314 2558 1478 2622 luculente

329 2661 474 2745 exposuit
506 2662 543 2728 A.
576 2661 804 2726 Reifferscheid
835 2661 866 2725 in
902 2660 935 2728 (l.
969 2659 1113 2726 Suetonii
1146 2662 1321 2745 Tranquilli
1353 2668 1479 2746 praeter

329 2768 500 2834 Caesarum
532 2769 629 2832 libros
662 2768 866 2850 reliquiarum
900 2768 1038 2833 editione
1068 2789 1100 2851 p.
1124 2769 1189 2833 426
1215 2788 1280 2852 sqq.
1317 2771 1344 2834 is
1377 2770 1479 2854 igitur

327 2895 358 2957 p.
384 2875 447 2938 254
473 2877 505 2938 et
528 2875 592 2938 443
618 2873 739 2938 Giraldi
765 2872 964 2938 cambrensis
988 2873 1019 2937 in
1043 2873 1204 2939 itinerario
1230 2873 1393 2938 Cumbriae
1417 2876 1474 2939 17

329 3001 407 3046 usus
440 2981 624 3046 testimonio
659 2980 877 3062 comprobauit
909 2979 1175 3045 historiunculam
1207 2980 1261 3044 ux.
1291 2981 1336 3044 VI
1369 2983 1399 3064 4,
1434 2983 1477 3044 24

329 3091 485 3153 narratam
518 3088 556 3152 do
589 3106 676 3165 cane,
706 3087 760 3169 qui
788 3086 976 3152 Antiochiae
1006 3086 1124 3151 domini
1153 3086 1281 3150 caedem
1304 3088 1393 3152 ultus
1417 3091 1478 3164 est,

328 3195 429 3259 redire
459 3195 498 3259 ad
522 3193 666 3259 Suetonii
694 3195 821 3273 librum,
847 3195 901 3276 qui
930 3193 967 3258 de
992 3193 1199 3258 animantium
1224 3195 1344 3259 naturis
1368 3194 1478 3259 inscri-

376 3368 395 3431 1)
414 3369 440 3430 4,
460 3369 492 3434 2;
512 3369 556 3435 44,
576 3368 610 3421 14
630 3367 748 3435 (Acad.);
769 3368 794 3434 6,
816 3368 860 3432 13;
883 3368 941 3430 119,
961 3367 977 3420 9
997 3365 1042 3431 (de
1061 3367 1134 3435 fin.);
1154 3367 1196 3430 79,
1217 3368 1250 3421 12
1276 3366 1389 3434 1Τ111.);
1415 3367 1477 3431 249,

330 3457 375 3521 14;
401 3457 464 3519 250,
492 3457 536 3520 19;
561 3457 621 3520 251,
648 3457 680 3522 2;
705 3457 765 3519 254,
794 3456 837 3520 14;
864 3457 924 3518 255,
948 3457 965 3509 4
990 3454 1034 3521 (de
1058 3458 1115 3510 nat.
1135 3455 1232 3522 deor.);
1253 3455 1295 3520 92,
1315 3457 1343 3518 4;
1365 3457 1407 3516 93,
1430 3456 1477 3518 17;

328 3546 370 3609 94,
397 3547 430 3600 14
454 3549 481 3599 et
505 3547 538 3600 29
564 3545 607 3610 (de
632 3545 713 3614 sen.);
737 3547 780 3609 45,
804 3545 820 3598 8
845 3548 873 3598 et
896 3546 942 3608 24;
968 3545 1010 3606 46,
1032 3545 1044 3597 1
1067 3543 1111 3610 (de
1130 3561 1158 3598 re
1176 3543 1277 3614 publ.);
1298 3545 1357 3611 146,
1378 3544 1411 3598 13
1431 3543 1479 3610 (de

328 3633 372 3687 off.
392 3633 458 3688 197
478 3659 512 3680 --
532 3635 602 3688 Attii
621 3633 697 3688 Atrei
717 3634 748 3687 ir.
772 3634 805 3686 14
822 3633 882 3699 R.);
905 3632 963 3696 182,
984 3633 999 3684 7
1020 3637 1079 3702 (pro
1098 3632 1192 3699 Mili,

372 3720 394 3793 ²)
413 3721 523 3776 eandem
545 3723 708 3776 sententiam
726 3721 830 3791 profert
847 3721 959 3774 Kellner
976 3737 1002 3789 p.
1022 3721 1065 3774 83.

373 3810 394 3879 ³)
414 3811 507 3881 itaque
531 3812 561 3874 si,
586 3812 633 3865 ubi
656 3811 766 3866 eaedem
789 3829 830 3865 res
855 3813 883 3864 et
907 3810 1030 3864 aPlinio
1055 3813 1083 3864 et
1106 3809 1139 3863 ab
1158 3809 1300 3865 Ambrosio
1324 3814 1478 3874 narrantur,

327 3899 397 3955 infre
416 3900 498 3953 Plinii
521 3900 595 3954 locos
619 3900 741 3968 adposui,
765 3917 819 3954 non
842 3900 871 3953 id
889 3898 964 3952 uolui
983 3899 1143 3969 significare,
1163 3898 1332 3953 Ambrosium
1353 3916 1369 3953 a
1386 3899 1478 3952 Plinio

327 3988 453 4059 pendere,
477 3987 525 4042 sed
547 3986 619 4042 hunc
642 4005 673 4042 ac
695 4004 896 4058 nonnumquam
920 3988 987 4042 alios
1012 4004 1118 4056 quoque
1138 3988 1291 4058 scriptores,
1310 3988 1397 4042 ueluti
1416 3987 1475 4040 Ari-

328 4077 463 4142 stotelem,
486 4081 630 4147 propterea
653 4076 867 4140 commemoraui,
890 4080 923 4130 ut
946 4076 979 4130 de
1002 4076 1132 4138 lontibus,
1157 4093 1189 4129 ex
1213 4076 1310 4144 quibus
1330 4076 1478 4130 Suetonius

328 4183 377 4221 sua
394 4167 501 4220 haurire
520 4166 619 4236 potuit,
638 4165 768 4219 iudicium
786 4165 875 4220 facere
893 4166 995 4219 liceret.
1015 4165 1045 4218 id
1064 4163 1208 4234 quodiam
1229 4181 1259 4218 ex
1278 4165 1348 4233 siglo
1363 4166 1407 4228 cs,
1423 4181 1478 4233 quo

328 4256 366 4310 eis
384 4255 451 4308 locis
471 4271 533 4308 usus
554 4271 621 4319 sum,
640 4254 784 4324 colligitur.
