3342 4920
266 340 331 402 606
737 337 933 390 Ambrosii

264 551 320 613 per
351 532 458 613 ipsum
491 531 610 597 conditi
642 550 679 595 ao
710 531 866 614 redempti
894 551 1016 597 sumna.
1050 533 1167 614 duplex
1191 533 1291 616 igitur
1314 553 1410 598 eausa

264 659 319 720 per
351 640 495 716 uerbum,
530 639 682 704 naturalis
716 643 749 704 et
779 639 922 704 moralia:
956 640 1109 704 naturalis
1147 639 1220 722 quia
1257 641 1408 718 condidit,

263 747 391 812 moralis
420 747 494 827 quia
526 746 670 811 redemit.
703 746 905 828 philosophia
932 765 1057 828 quoque
1086 747 1245 830 geminam
1270 747 1407 830 speeiem
1478 755 1499 810 C

263 851 314 916 sui
338 853 506 918 constituit
529 853 560 916 in
585 853 692 930 uerbo,
716 855 891 917 naturalem
916 857 948 916 et
969 854 1122 917 moralem
1144 891 1189 900 -
1212 854 1407 918 rationabilia
1665 887 1666 946 p

263 959 346 1023 enim
365 959 531 1042 utriusque
550 960 652 1042 portio
673 963 722 1024 eat
731 996 785 1036 -‚
796 959 969 1023 naturalem
987 960 1161 1024 seeundum
1176 961 1285 1024 mundi
1299 962 1408 1026 orenti—
1436 984 1447 1018 a
1665 961 1666 1024 l

263 1083 365 1141 onem,
395 1085 489 1147 quam
518 1065 615 1130 uerbo
643 1064 800 1149 adsignat,
823 1066 976 1130 moralem
999 1066 1173 1130 seeundum
1195 1066 1352 1131 iustitiam
1377 1074 1409 1131 et
1665 1055 1666 1078 ¹

207 1171 485 1254 53aequalitutem
509 1173 648 1247 uiuendi,
672 1173 762 1237 ouius
787 1173 853 1236 uita
876 1175 908 1236 et
930 1171 1010 1236 ratio
1035 1172 1073 1236 de
1096 1173 1202 1238 norbo.
1228 1192 1290 1255 qua
1313 1193 1408 1238 eausa

262 1297 334 1342 oum
359 1278 425 1343 dies
450 1282 521 1343 octo
546 1278 769 1361 conplerentur
791 1298 827 1342 ex
850 1279 968 1343 Mariae
991 1279 1126 1362 uirginis
1145 1282 1247 1362 partu,
1266 1281 1407 1345 tulemnt

262 1385 423 1449 dominum
452 1387 597 1450 nostrum
620 1385 728 1450 Iesum
756 1384 787 1449 iu
811 1385 1023 1462 Hierusalem,
1051 1388 1088 1448 ut
1111 1386 1256 1450 offerrent
1279 1387 1405 1450 domino

261 1491 435 1555 seeundum
457 1492 562 1575 legem
586 1495 618 1556 91
640 1495 678 1556 ut
701 1491 810 1556 darent
831 1492 969 1557 hostiam
992 1511 1048 1575 par
1071 1496 1232 1558 turturum
1251 1496 1307 1558 aut
1325 1494 1404 1561 duos
1425 1501 1494 1554 101)

259 1597 365 1678 pulloa
395 1598 624 1674 columbarum,
655 1618 689 1664 eo
715 1598 799 1680 quod
822 1599 853 1662 in
879 1599 1027 1663 columba
1050 1598 1203 1681 spiritalis
1228 1599 1405 1683 gratiarii,
1430 1671 1433 1680 y

258 1704 290 1767 iu
314 1707 437 1769 turture
460 1705 659 1788 inoorruptae
684 1704 893 1788 generationis
918 1707 1030 1768 natura
1052 1705 1106 1769 uel
1127 1704 1311 1770 inmaeulati
1340 1725 1405 1770 eor-

257 1811 343 1890 poris
379 1812 575 1876 castimonia.
608 1812 720 1876 merito
754 1829 826 1894 ergo
860 1811 899 1874 ad
928 1810 1117 1875 sacrificium
1146 1811 1229 1875 sumi
1256 1812 1405 1876 iubentur

257 1920 332 1999 poet
354 1918 483 1982 arietem
506 1921 613 1983 turtur
636 1921 668 1983 et
691 1917 848 1994 columba,
872 1921 910 1981 ut
932 1917 1029 1981 uerbo
1050 1917 1217 1982 adhaerere
1234 1918 1403 2002 intellegas

256 2022 470 2106 incorruptam
499 2026 719 2090 ouatimoniam
744 2027 776 2088 et
803 2024 979 2106 spiritalem
1007 2024 1151 2108 gratiam.
1187 2028 1219 2089 et
1246 2024 1305 2088 hoo
1332 2025 1402 2107 ipso
1424 2047 1448 2084 aa

258 2129 386 2210 quidam
419 2131 504 2213 quod
536 2151 612 2196 aues
644 2132 753 2213 posuit
784 2131 967 2214 intellegere
1004 2150 1176 2213 possumus
1215 2131 1399 2196 caelestium

256 2235 442 2301 meritorum
465 2238 602 2302 uolatus.
627 2242 702 2302 sunt·
724 2237 807 2301 enim
831 2238 977 2302 uolucres
1002 2238 1091 2314 caeli,
1111 2257 1195 2319 quae
1217 2237 1347 2302 ueniant
1370 2241 1401 2301 et

255 2341 400 2406 habitent
414 2343 446 2406 in
460 2343 556 2407 ramis
571 2344 639 2408 aius
659 2343 788 2419 arboris,
808 2345 887 2425 quae
908 2344 945 2408 da
965 2362 1061 2426 grano
1085 2343 1203 2426 sinapis
1223 2333 1400 2419 surrexerit,
1468 2353 1492 2406 Ε

256 2449 308 2513 oui
335 2468 467 2532 reguum
501 2453 688 2531 conparatur
719 2450 887 2514 caelorum.
921 2453 953 2514 et
980 2450 1150 2514 Ezechihel
1182 2453 1306 2532 apertos
1339 2452 1400 2515 sibi

256 2556 359 2620 caelos
394 2556 469 2620 dioit
503 2560 535 2620 et
566 2556 687 2621 uidisse
719 2556 800 2620 inter
832 2556 894 2620 alia
926 2554 1022 2619 etiam
1053 2559 1155 2620 rotam
1182 2576 1278 2620 uuam
1306 2576 1401 2640 super
1418 2583 1445 2622 ρο

254 2663 371 2726 terram
394 2662 595 2728 ooniuuotam
619 2662 807 2727 animalibus
832 2664 991 2744 quattuor.
1024 2664 1056 2725 et
1078 2661 1158 2726 infra
1190 2663 1401 2728 audiebam

254 2767 358 2848 iuquit
380 2786 518 2832 uooem
543 2769 695 2832 alarum
725 2787 869 2847 eorum,
899 2767 1007 2831 siout
1039 2786 1178 2832 uocem
1211 2788 1398 2850 aquarum

254 2874 474 2938 multarum
512 2878 550 2939 et
579 2875 690 2939 siout
717 2892 856 2939 uocem
881 2873 1020 2937 idonei
1044 2877 1190 2938 etcum
1214 2875 1331 2953 irent,
1356 2880 1399 2938 ut

253 2998 329 3044 uox
352 2982 477 3057 uerbi,
503 2981 614 3045 siout
638 3000 775 3046 uooem
801 2983 1037 3046 uestrorum.

342 3257 359 3310 8
373 3257 437 3311 Luc.
452 3259 477 3320 2,
492 3259 599 3312 21-24
655 3259 686 3312 ll
703 3259 801 3312 Maon.
817 3261 841 3319 3,
860 3259 891 3312 16
906 3258 985 3312 Ρ111ο
1002 3256 1112 3323 Quaeat.
1126 3257 1198 3311 1113
1250 3259 1282 3312 17
1297 3259 1396 3312 Matth.

256 3347 296 3411 13,
316 3348 348 3402 31
370 3364 409 3417 sq.
466 3349 499 3400 19
518 3347 614 3402 Ezeoh.
635 3348 712 3414 1,15
766 3349 798 3400 21
820 3347 915 3401 Ezech.
937 3349 961 3414 1,
980 3348 1015 3400 24

288 3523 372 3592 291]
398 3523 473 3576 aoB
583 3522 691 3592 quiaP
713 3523 733 3588 (i
753 3528 823 3590 exp.)
844 3523 875 3578 N
891 3537 944 3590 qua
963 3527 1010 3577 oet.
1101 3522 1209 3592 3qnia
1228 3521 1260 3576 N
1276 3530 1395 3592 qnaoet.

251 3611 268 3664 8
288 3610 361 3666 UIII.
381 3611 408 3664 P
426 3615 486 3666 ooto
509 3611 541 3666 T‘
561 3608 744 3681 quadraginta
761 3617 809 3666 eat.
876 3610 907 3664 12
926 3611 1060 3682 turturem
1078 3612 1106 3664 P
1169 3611 1349 3666 minuentur
1367 3612 1395 3677 (b

250 3715 284 3754 ax
302 3703 330 3767 u)
349 3699 376 3752 P
431 3701 464 3754 14
483 3703 545 3770 post
564 3701 677 3754 arietem
691 3705 757 3768 poet
776 3700 900 3753 columba
919 3701 1078 3769 transponit
1090 3702 1118 3754 B
1190 3704 1323 3754 turturem
1343 3704 1396 3766 (em

250 3792 331 3857 eros.)
351 3789 379 3843 P
450 3792 497 3853 aut
517 3790 543 3858 (a
562 3789 625 3854 del.)
646 3788 674 3841 P
741 3789 829 3858 1591]
851 3788 926 3842 exO
993 3791 1024 3843 16
1045 3789 1154 3859 quidam
1175 3792 1200 3858 (9
1218 3788 1350 3858 earm)
1371 3791 1398 3844 P

252 3880 284 3932 17
305 3895 356 3949 que
376 3881 420 3949 (ne
441 3885 518 3932 entra
536 3895 564 3932 u.
584 3878 640 3948 m2)
659 3877 687 3931 P
756 3878 885 3932 ueniant.
899 3921 903 3930 .
917 3878 1059 3932 .habitent
1073 3880 1149 3933 Pmr
1167 3878 1395 3933 ueniunt...ha·

249 3967 341 4021 bilant
359 3968 387 4020 P
394 3971 440 4020 ru2
458 3974 505 4022 oet.
563 3967 595 4020 18
615 3967 730 4020 surrexit
747 3967 836 4021 BOM
890 3967 922 4019 19
940 3983 1054 4035 regnum
1074 3967 1207 4022 caelorum
1227 3970 1395 4035 eomparatur

249 4055 307 4108 NB
378 4055 527 4110 ieaeohihel
546 4057 572 4109 P
591 4057 611 4123 (l
625 4073 671 4124 pr.
689 4073 711 4110 a.
730 4060 769 4122 u.)
790 4055 937 4110 ihezeohiel
959 4055 991 4109 T¹
1009 4056 1138 4110 iezechiel
1158 4062 1205 4111 eet.
1278 4057 1310 4110 21
1332 4073 1394 4109 con·

249 4145 369 4198 iunctam
388 4148 413 4210 (o
434 4145 483 4199 alt.
502 4161 523 4197 a.
542 4146 582 4215 u.)
601 4145 628 4198 P
680 4145 715 4199 23
735 4144 827 4198 idonei
846 4149 916 4213 (exp.
935 4147 982 4198 m2
1001 4150 1025 4198 et
1043 4163 1063 4199 a.
1083 4161 1134 4199 aar.
1153 4144 1276 4199 sublimis
1296 4145 1350 4211 dei)
1370 4144 1398 4197 P

250 4233 374 4287 sublimis
395 4233 435 4286 dei
456 4240 503 4288 cet.
