3322 4914
673 347 889 401 Praelatio.
1266 352 1354 416 XXV

209 543 318 604 -100
352 543 383 605 et
416 541 550 606 alterum
582 544 687 606 totum
715 542 761 606 ita
789 543 953 625 expressit,
977 546 1014 607 ut
1040 544 1120 607 nihil
1149 543 1187 608 de
1212 563 1270 610 suo
1293 543 1355 608 nisi

209 647 306 712 uerba
330 647 495 712 addiderit.
519 649 552 712 id
577 649 660 730 quod
683 649 747 712 iam
769 650 793 713 Ι.
812 648 939 714 Aucher
963 650 1123 734 cognouit,
1144 651 1198 732 qui
1221 650 1355 714 facetius

210 773 304 834 quam
328 753 434 818 uerius
459 754 538 818 dixit
562 755 826 836 quemadmodum
851 756 1041 838 quibusdam
1060 756 1226 820 Philonem
1250 757 1357 820 uisum

211 877 282 923 esse
311 860 445 924 alterum
473 861 649 937 Platonem,
677 861 723 924 ita
750 861 841 926 nohis
865 862 1068 927 Ambrosium
1098 881 1167 926 esse
1191 861 1357 954 Philonem

213 965 472 1052 Christianum.¹)
503 967 611 1048 itaque
637 968 664 1031 si
689 969 764 1046 421,
790 969 831 1032 22
855 969 986 1053 legitur:
1016 968 1079 1033 ‘alii
1103 969 1241 1046 habent’,
1265 987 1356 1033 nemo

211 1073 274 1136 nisi
301 1073 394 1156 Philo
424 1073 621 1157 significatur
648 1074 702 1160 (cf.
728 1074 855 1155 Quaest.
883 1077 915 1139 in
946 1075 1022 1140 Gen.
1047 1077 1128 1141 199
1154 1079 1185 1139 11
1207 1075 1280 1139 libri
1304 1075 1387 1156 qui.

211 1179 396 1243 inscribitur
423 1180 518 1262 ‘qnod
548 1181 625 1245 deus
655 1182 698 1244 sit
724 1181 946 1246 immutabilis'
970 1201 996 1246 o.
1021 1181 1078 1246 30:
1102 1184 1118 1246 I
1142 1183 1217 1260 293,
1243 1181 1357 1261 216.)

212 1288 375 1366 praeterea
403 1306 439 1350 ex
466 1286 567 1367 libris,
598 1287 713 1368 quihus
741 1287 850 1370 legum
880 1307 1036 1352 sacrarum
1067 1288 1235 1372 allegoriae
1264 1287 1360 1370 expli-

214 1390 367 1478 cantur,²)
388 1395 420 1456 11
439 1413 475 1457 ex
493 1393 573 1457 libro
594 1393 631 1456 de
653 1393 816 1478 1111111113)
830 1394 1019 1459 Ambrosius
1040 1395 1193 1477 quaedam
1213 1393 1359 1458 hausisse

213 1497 350 1562 uidetur.
390 1499 504 1582 quodsi
536 1501 656 1578 426,8
690 1501 739 1565 sol
772 1503 803 1566 et
836 1502 913 1566 luna
944 1502 1055 1566 mundi
1088 1502 1172 1566 oculi
1201 1502 1358 1577 dicuntur,

213 1625 324 1670 rursus
348 1606 439 1669 nobis
464 1607 495 1669 in
519 1607 703 1670 memoriam
726 1610 895 1672 reuocetur
916 1608 974 1672 illa
995 1608 1147 1672 Hadriani
1172 1611 1204 1671 et
1223 1607 1360 1672 Secundi

216 1712 390 1788 altercatio,
416 1712 454 1775 de
486 1732 547 1794 qna
577 1733 670 1795 supra
698 1712 741 1796 (p.
765 1714 838 1796 XV)
866 1713 1080 1797 exposuimus.
1119 1714 1228 1778 Iliadis
1252 1714 1273 1778 l.
1297 1714 1361 1776 llll

215 1837 328 1882 uersus
353 1820 428 1897 299,
455 1820 545 1884 cuius
569 1820 617 1884 bis
642 1821 760 1884 mentio
789 1820 919 1885 inicitur
946 1819 1021 1895 415,
1046 1821 1065 1882 2
1091 1819 1221 1896 11453,
1246 1820 1360 1896 3111·-

216 1927 302 1989 tasse
326 1945 361 1990 ex
384 1925 518 1990 Philone
542 1929 689 2008 sumptus
714 1930 772 1992 est.
806 1931 914 1991 utrum
936 1925 1125 1990 Ambrosius
1150 1925 1225 2002 433,
1251 1927 1282 2002 9,
1305 1926 1362 1989 ubi

217 2031 284 2095 dira
315 2031 368 2094 lue
400 2031 566 2116 ingruente
594 2033 682 2115 prins
712 2052 804 2098 canes
839 2053 936 2114 equos
964 2034 1063 2098 boues
1098 2032 1265 2114 omniaque
1298 2033 1362 2108 ani7

217 2137 313 2201 malia
335 2137 420 2202 infici
445 2139 532 2216 dixit,
558 2158 637 2222 quae
662 2160 734 2204 cum
759 2140 940 2206 hominihus
967 2142 1204 2220 conuersantur,
1227 2138 1360 2204 Iliadem
1418 2152 1420 2158 ’

217 2246 232 2308 Ι
257 2247 298 2308 50
321 2247 494 2328 respexerit
516 2248 608 2328 plane
631 2245 788 2310 incertum
813 2251 871 2312 est.
907 2246 1025 2312 similia
1048 2249 1132 2310 certe
1156 2245 1253 2309 hahes
1278 2243 1362 2327 apud

218 2351 398 2435 Uergilium
422 2352 833 2437 1111111149111499.
858 2355 896 2419 (11
919 2355 1137 2436 Xenophontis
1161 2354 1243 2431 loco,
1267 2372 1362 2434 quem

219 2457 446 2541 42810111.
472 2462 544 2524 ante
569 2460 678 2524 oculos
703 2459 824 2537 hahuit,
848 2460 911 2524 iam
930 2483 961 2544 p.
980 2460 1039 2524 XV
1059 2460 1205 2525 diximus.
1230 2458 1363 2542 Uergilii

218 2563 434 2629 locutionibus
459 2567 631 2630 orationem
656 2569 807 2650 quattuor
826 2567 906 2631 locis
927 2566 1131 2652 exornauit4)
1155 2569 1255 2630 restat
1272 2566 1363 2630 locus

220 2671 435 2736 memorabilis
459 2691 533 2736 sane
553 2673 627 2750 478,
648 2675 678 2750 4,
699 2692 760 2755 qno
780 2672 887 2736 uariae
906 2671 1166 2755 philosophorum
1186 2672 1224 2735 de
1244 2671 1363 2735 animae

222 2776 375 2858 qualitate
399 2778 574 2842 sententiae
599 2782 827 2843 enumerantur.
861 2776 1021 2860 conspirat
1043 2777 1095 2841 hic
1118 2795 1190 2842 cum
1215 2777 1260 2840 eis
1284 2795 1363 2858 quae

149 2898 152 2902 ·
221 2883 305 2966 apud
333 2883 564 2948 Tertullianum
597 2885 635 2948 de
669 2886 772 2949 anima
804 2905 831 2951 c.
857 2886 876 2950 5
905 2885 1061 2968 leguntur¹
1083 2903 1118 2948 ac
1141 2883 1243 2966 magis
1268 2883 1362 2946 etiam

223 3009 295 3054 curn
324 2989 369 3054 eis
398 3010 476 3072 quae
500 2991 683 3055 Macrobius
711 2993 742 3055 in
767 3011 880 3056 comm.
906 2993 944 3056 de
970 3010 1070 3056 somn.
1096 2988 1296 3072 81111114,
1323 2989 1362 3052 19

221 3095 354 3160 rettulit.
378 3096 460 3159 unde
480 3096 684 3161 Ambrosium
709 3099 740 3160 11
761 3097 958 3160 Macrobium
983 3115 1018 3160 ao
1041 3096 1176 3160 fortasse
1200 3093 1365 3158 Tertullia-

221 3221 298 3266 num
322 3222 447 3284 quoque
470 3203 548 3267 haec
572 3222 608 3266 ex
632 3203 792 3267 communi
816 3203 903 3267 fonte
924 3201 1056 3285 petiisse
1080 3199 1266 3285 suspicor.⁵)
1298 3200 1364 3264 lau·

224 3307 312 3372 dauit
334 3309 418 3372 huno
441 3309 559 3374 librum
577 3309 776 3391 Augustinus
801 3309 904 3374 trihus
927 3308 1017 3382 loeis,
1038 3310 1147 3384 contra
1170 3308 1248 3372 duas
1273 3306 1365 3390 epist.

269 3621 290 3687 1)
309 3621 393 3691 praef.
416 3640 443 3692 p.
463 3621 495 3675 V.
514 3638 576 3674 nam
599 3623 787 3690 quaestionum
811 3626 839 3676 et
862 3622 1027 3676 solutionum
1050 3637 1119 3690 quae
1138 3621 1247 3674 suntin
1268 3617 1368 3673 Genesi

223 3711 307 3764 libros
326 3711 405 3764 nohis
428 3711 457 3763 in
480 3711 574 3780 primis
597 3712 831 3780 interpretationis
849 3713 992 3764 Armeniae
1017 3727 1067 3781 ope
1090 3709 1205 3763 traditos
1226 3725 1283 3762 esse
1304 3723 1367 3760 con-

224 3801 288 3862 stat,
309 3815 388 3867 quam
407 3799 632 3870 interpretatione
651 3801 750 3854 Latina
769 3799 875 3853 adiecta
892 3799 998 3853 Auchcr
1017 3798 1116 3863 edidit3
1136 3798 1167 3851 cf.
1188 3797 1313 3865 Prolegg.
1334 3795 1367 3848 ad

225 3887 289 3941 edit.
309 3905 325 3941 a
342 3888 481 3958 Leopoldo
502 3888 577 3943 Cohn
597 3891 715 3942 curatam
734 3906 760 3958 p.
779 3888 829 3942 LII
848 3905 906 3958 sqq.

270 3975 291 4048 .²)
312 3976 344 4030 cf.
364 3977 426 4040 413,
447 3978 479 4032 16
499 3981 527 4031 et
544 3978 606 4043 437,
627 3979 668 4030 17.

270 4066 291 4130 ³)
311 4066 355 4118 uel
375 4082 406 4118 ex
423 4066 493 4119 libro
513 4066 546 4120 de
566 4065 707 4132 ebrietate,
727 4065 760 4118 of.
779 4067 842 4131 463,
862 4065 903 4119 18.

271 4153 291 4220 4)
311 4154 344 4208 cf.
363 4155 425 4217 423,
446 4156 475 4219 2;
495 4155 555 4217 433,
576 4153 604 4218 8,
624 4155 686 4219 445,
705 4156 753 4219 20,
773 4155 834 4218 489,
855 4157 896 4210 15.

272 4241 291 4310 ⁵)
312 4241 450 4297 11111111.
469 4244 583 4312 Doxogr.
606 4242 651 4296 Gr.
670 4262 696 4313 p.
716 4244 769 4296 212
789 4259 847 4313 sqq.
