3322 4932
302 283 448 348 LXXXII
763 277 983 334 Praefatio.

302 475 471 539 ornandam
486 477 649 556 tamquam
669 493 704 537 ex
723 473 904 538 lautissima
924 475 1118 556 supellectili
1138 474 1318 539 desumeret
1337 475 1446 540 eodem

301 583 392 666 plane
415 581 510 646 modo
534 601 595 665 quo
621 601 689 646 eam
712 580 928 646 locutionibus
948 580 1139 667 Uergilianis
1160 582 1251 664 quasi
1270 582 1448 646 luminibus

301 690 379 754 satis
404 690 585 770 frequenter
608 687 761 752 distinxit.
786 688 865 752 tales
885 689 974 753 locos
995 689 1022 753 si
1043 708 1152 754 omnes
1171 689 1308 754 indicare
1327 691 1448 755 noluis-

302 816 379 874 sem,
404 816 442 860 ne
465 795 563 860 nimia
586 796 668 860 mole
694 795 854 860 adnotatio
880 796 1065 861 obrueretur
1087 797 1260 861 uerendum
1285 799 1359 861 erat.
1391 798 1449 862 sed

300 904 331 967 in
357 904 525 968 uerborum
549 903 653 967 indice
677 903 761 968 unde
785 903 934 968 uocabuli
953 904 1006 968 nel
1024 904 1194 969 locutionis
1214 904 1349 970 alicuius
1368 924 1447 969 usus

302 1011 455 1094 originem
483 1010 613 1075 traxerit
639 1010 758 1075 talibus
788 1009 869 1075 locis
893 1009 1023 1076 adiectis
1047 1011 1269 1079 illustrabitur.
1308 1015 1448 1077 ceterum

301 1119 332 1181 in
363 1118 601 1203 euangeliorum
628 1117 707 1181 locis
737 1117 963 1200 significandis,
993 1118 1020 1182 si
1051 1118 1240 1202 scriptorum
1264 1119 1449 1184 testimonia

300 1224 382 1288 inter
414 1244 447 1288 se
481 1225 691 1303 consentiunt,
721 1225 799 1289 satis
834 1244 903 1289 esse
937 1224 1010 1288 duxi
1043 1225 1143 1290 solius
1171 1226 1326 1290 Matthaei
1357 1226 1447 1290 locos

300 1331 430 1409 adferre,
455 1350 526 1395 crim
555 1335 731 1396 ceterorum
760 1332 1028 1416 euangelistarum
1056 1331 1120 1396 loci
1147 1333 1239 1396 facile
1268 1351 1304 1396 ex
1336 1332 1446 1397 editio-

301 1438 392 1502 nibus
421 1438 599 1520 permultis,
625 1437 654 1502 in
681 1439 795 1519 quibus
827 1439 906 1502 infra
929 1438 1045 1502 adiecti
1070 1441 1153 1516 sunt,
1177 1439 1280 1503 ueluti
1304 1458 1340 1502 ex
1364 1438 1446 1504 Geb-

300 1545 463 1608 hardtiaua
487 1544 636 1630 cognosci
660 1545 793 1628 possint.

345 1651 497 1734 Superest
522 1655 558 1715 ut
591 1671 684 1734 quam
718 1651 870 1716 rationem
904 1651 935 1714 in
970 1653 1014 1716 eis
1049 1671 1128 1734 quae
1163 1651 1201 1716 ad
1235 1653 1445 1736 orthogra-

298 1759 430 1841 phiam
462 1758 621 1840 pertinent
653 1759 815 1842 amplexus
849 1758 910 1823 sim
942 1759 1081 1822 breuiter
1114 1778 1275 1840 exponam.
1315 1779 1377 1841 qua
1409 1759 1442 1824 in

298 1887 331 1930 re
365 1867 391 1930 si
426 1867 570 1932 codicum
606 1867 721 1948 quibus
755 1866 872 1950 singuli
905 1865 977 1930 libri
1005 1866 1206 1932 Ambrosiani
1234 1866 1342 1931 traditi
1370 1869 1445 1930 sunt

300 1975 457 2038 scribendi
491 1974 752 2038 consuetudinem
781 1973 812 2038 in
842 1974 1032 2038 recensendo
1062 1977 1191 2039 secutus
1220 1993 1334 2054 essem,
1361 1976 1444 2038 male

299 2081 366 2146 sine
403 2079 499 2144 dnbio
538 2079 575 2143 de
608 2079 776 2144 Ambrosio
814 2079 1056 2146 consuluissem.
1094 2100 1166 2145 narn
1205 2099 1276 2145 cnm
1309 2080 1340 2144 in
1373 2081 1443 2146 aliis

297 2186 387 2251 libris
420 2186 552 2268 antiqui,
585 2187 616 2250 in
650 2185 721 2251 aliis
754 2187 944 2252 recentiores
977 2190 1102 2252 tantum
1132 2187 1256 2252 codices
1285 2188 1376 2252 nobis
1406 2189 1445 2252 ad

298 2313 409 2358 mannis
439 2293 513 2371 sint,
543 2293 699 2376 quomodo
729 2313 846 2376 quaeso
876 2294 925 2358 his
959 2295 1088 2359 eandem
1122 2314 1217 2378 quam
1250 2295 1316 2359 illis
1349 2294 1443 2359 fidem

297 2401 435 2465 tribuere
466 2400 635 2464 licuisset?
666 2400 764 2468 immo
798 2400 921 2466 codices
955 2401 1179 2485 antiquissimi,
1214 2402 1268 2484 qui
1303 2401 1443 2484 proxime

298 2507 338 2571 ad
369 2507 528 2572 Ambrosii
561 2510 697 2573 aetatem
735 2507 898 2587 accedunt,
938 2512 1101 2592 tamqnam
1138 2509 1308 2574 certissimi
1345 2510 1442 2574 duces

297 2615 435 2700 eligendi
464 2617 560 2679 crant.
594 2616 626 2680 bi
656 2618 761 2680 autem
786 2618 862 2680 sunt
884 2619 1007 2698 praeter
1029 2615 1265 2681 Aurelianensis
1288 2616 1437 2698 reliquias
1457 2658 1459 2664 -

298 2742 392 2806 supra
416 2725 676 2787 commemoratas
699 2723 908 2788 Bononiensis
933 2725 974 2786 32
988 2723 1013 2808 1)
1039 2727 1070 2788 et
1092 2722 1320 2788 Ambrosianus
1344 2723 1374 2786 H
1400 2724 1441 2786 78

298 2848 378 2911 sup,
418 2849 478 2912 quo
517 2829 670 2911 expositio
711 2830 743 2892 in
787 2830 987 2912 euangelium
1026 2830 1130 2894 Lucae
1173 2831 1360 2909 continetur,
1404 2829 1441 2892 ab

296 2936 444 3019 Augusto
481 2935 703 2999 Reifferscheid
730 2936 814 3001 Bibl.
842 2939 922 3019 patr.
950 2937 1018 3000 Lat.
1048 2938 1119 3000 Ital.
1147 2937 1179 3001 ΙΙ
1207 2938 1225 2998 5
1256 2936 1442 3018 descriptus,

296 3042 424 3126 septimi
449 3045 580 3122 uterque
605 3041 734 3120 saeculi,
759 3062 952 3125 quamquam
975 3061 1014 3106 ne
1037 3042 1070 3105 hi
1094 3041 1221 3124 quidem
1244 3041 1274 3106 in
1296 3043 1441 3107 omnibns

296 3150 390 3214 rebus
415 3149 495 3214 inter
520 3168 553 3212 se
578 3150 768 3232 conspirant,
796 3150 878 3215 unde
906 3149 1052 3213 librarios
1082 3168 1143 3212 non
1171 3169 1278 3213 ueram
1307 3147 1441 3230 exempli

294 3256 449 3339 propositi
476 3255 649 3339 imaginem
677 3255 878 3338 expressisse,
909 3255 965 3320 sed
993 3275 1051 3320 suo
1081 3274 1238 3339 quemque
1266 3255 1296 3318 in
1327 3254 1441 3320 descri-

294 3364 395 3427 bendo
415 3382 501 3427 more
520 3382 614 3426 usum
635 3382 705 3428 esse
719 3366 817 3446 patet.
841 3363 872 3427 in
893 3363 1002 3446 primis
1018 3364 1125 3426 autern
1140 3361 1370 3426 Bononiensem
1386 3361 1440 3442 qui

296 3470 464 3554 diligenter
485 3469 673 3553 respiciatur
697 3469 827 3553 dignum
853 3489 922 3534 esse
946 3469 1061 3534 iudico.
1086 3471 1171 3534 hunc
1192 3467 1293 3552 igitur
1311 3469 1440 3532 secutus

296 3596 418 3660 semper
442 3577 554 3659 scripsi
577 3575 715 3640 Istrahel
736 3574 880 3640 Solonion
904 3575 1092 3639 thensauros
1114 3595 1204 3640 amor
1222 3573 1350 3638 amldoos
1369 3573 1438 3638 alia.

295 3684 349 3747 sed
377 3703 611 3765 nonnumquam
639 3684 677 3747 ab
705 3683 857 3748 librorum
891 3681 1184 3764 antiquissimorum
1213 3681 1440 3746 consuetudine

295 3811 344 3855 me
367 3790 537 3855 recessisse
561 3791 669 3855 fateor.
695 3790 740 3854 sic
764 3791 795 3854 in
819 3790 936 3869 uerbis,
966 3790 1081 3872 quibus
1105 3788 1291 3869 stitteram,
1315 3806 1375 3852 nou
1393 3787 1440 3868 pb

295 3897 444 3980 scriptam
470 3897 661 3975 inuenimus,
686 3897 788 3961 ueluti
801 3895 938 3980 profeta,
958 3896 1128 3976 farisaeae,
1154 3913 1351 3960 communem
1376 3895 1440 3976 ple-

339 4122 360 4189 ¹)
384 4122 446 4175 uide
476 4139 544 4191 quae
573 4121 606 4174 de
635 4121 726 4174 codice
755 4123 802 4176 illo
832 4124 859 4176 in
887 4122 1056 4192 praelatione
1081 4122 1165 4192 partis
1190 4121 1302 4175 alterins
1328 4138 1351 4190 p.
1376 4120 1439 4173 XXI

295 4229 411 4281 exposui.
