3342 4920
429 377 470 430 ne
490 376 626 430 aaronem
645 376 674 430 11
695 377 736 441 10,
757 377 863 430 72-74
896 377 991 442 (1818
1010 377 1121 433 8-848
1142 377 1183 445 8).
1312 384 1376 447 627

227 576 319 636 ante
366 571 598 636 hesternam
646 575 687 636 et
737 571 1118 637 nudiustertianam
1166 573 1268 638 diem
1318 594 1376 639 ne-

227 697 301 761 que
347 697 391 742 ex
435 697 509 760 quo
553 677 732 761 coepisti
773 679 888 760 loqui
930 698 1048 744 seruo
1097 682 1183 756 tuo;
1229 681 1376 764 gracili

226 785 330 850 enim
372 784 480 850 collo
522 787 561 848 et
601 784 777 850 tardiori
818 785 960 868 lingna
1001 804 1074 869 ego
1110 805 1206 852 sum.
1239 787 1374 870 denique

226 891 318 972 quasi
349 891 508 956 inerudito
545 889 755 973 respondetur
793 891 822 956 ei
860 893 945 974 quod
982 893 1159 958 erudiretur
1186 913 1205 957 a
1232 894 1372 960 domino:

194 1017 299 1081 sego
329 997 505 1081 aperiam
534 1017 575 1062 os
604 1000 715 1062 tuum
745 1001 783 1062 et
811 983 1072 1064 instruam'te
1096 1001 1200 1083 quod
1225 1001 1373 1066 debeas

223 1104 349 1185 loqui.
671 1119 674 1125 '
975 1113 976 1116 ’

135 1217 178 1280 74
223 1269 225 1274 .
267 1211 459 1292 Mysterinm
487 1211 595 1274 autem
621 1211 819 1292 praeclarum
844 1209 928 1291 quod
951 1210 1000 1274 lex
1023 1229 1084 1275 non
1109 1210 1187 1276 satis
1210 1212 1314 1295 plena,
1337 1217 1373 1280 ut

222 1317 427 1401 persuaderet
456 1315 583 1398 populis
614 1319 647 1378 et
675 1319 784 1400 gentes
813 1319 952 1393 uocaret,
976 1317 1030 1380 uel
1054 1319 1127 1400 qnia
1151 1319 1260 1383 clausa
1290 1321 1372 1385 foret
1395 1332 1417 1384 Β

221 1442 324 1505 usqne
357 1423 397 1487 ad
426 1423 545 1488 Christi
578 1422 760 1507 aduentum,
794 1422 848 1504 qui
882 1441 1036 1505 exponens
1069 1423 1161 1489 nobis
1189 1427 1372 1507 prophetica
1413 1509 1417 1518 ι

177 1555 203 1594 ιο
224 1529 350 1606 oracula
370 1531 402 1592 et
420 1529 580 1610 proferens
600 1529 746 1594 lectionis
765 1530 884 1594 ueteris
898 1530 1083 1594 testimonia
1097 1531 1200 1598 ueluti
1215 1531 1371 1615 quoddam

222 1654 256 1700 os
285 1636 367 1720 legis
396 1635 531 1718 aperuit,
560 1637 597 1698 ut
623 1635 697 1700 fidei
726 1635 845 1701 clamor
867 1635 900 1700 in
923 1639 1027 1701 toturn
1051 1637 1230 1720 perueniret
1254 1639 1369 1704 orbem.

221 1742 304 1806 uude
328 1746 360 1805 et
387 1742 523 1826 mystice
552 1741 597 1806 ait
621 1740 711 1806 Sara:
742 1741 934 1806 conclusit
956 1763 1012 1806 me
1036 1743 1210 1808 dominus
1235 1746 1277 1809 ut
1299 1764 1370 1809 non

220 1849 375 1932 pariam.
400 1849 501 1914 iutra
525 1868 613 1932 ergo
639 1849 682 1912 ad
707 1850 883 1914 ancillam
905 1869 1021 1915 meam
1046 1853 1082 1914 et
1105 1850 1231 1914 lilium
1250 1852 1367 1916 facies

221 1975 261 2019 ex
290 1955 368 2030 illa,
397 1958 434 2019 nt
461 1973 612 2039 agnoscas
636 1955 668 2018 in
692 1955 976 2036 praedestinatione
1000 1955 1099 2020 fuisse
1124 1974 1247 2039 semper
1271 1957 1369 2021 eccle-

175 2086 201 2126 18
221 2064 301 2128 siam
321 2061 371 2126 dei
390 2064 422 2125 et
433 2065 575 2144 paratam
587 2061 661 2126 fidei
674 2062 915 2140 fecunditatem,
932 2062 1056 2144 qnando
1070 2063 1195 2127 iuberet
1209 2063 1367 2141 dominus,

219 2187 432 2252 prorumpere,
462 2168 516 2232 sed
545 2169 710 2234 uoluntate
740 2169 859 2232 domini
887 2173 971 2234 certo
999 2173 1192 2234 reseruatam
1222 2171 1411 2252 temporie

221 2275 354 2356 denique
374 2275 529 2357 scriptum
549 2278 610 2340 est:
636 2278 806 2358 tempore
831 2279 988 2359 accepto
1013 2276 1190 2341 exaudiui
1213 2280 1249 2341 te
1273 2277 1367 2341 etin

221 2381 280 2445 die
313 2381 452 2446 salutis
486 2381 620 2446 adiuni
653 2384 699 2445 te.
733 2380 929 2446 aduertimus
957 2384 1064 2466 itaque
1090 2383 1174 2465 quod
1197 2383 1368 2449 festinabat

219 2487 372 2552 ecclesiae
396 2487 485 2566 fides,
512 2487 568 2552 sed
592 2487 742 2552 conclusa
765 2490 832 2551 erat
859 2488 928 2552 eins
957 2488 1144 2554 fecunditas.
1179 2507 1240 2570 quo
1269 2491 1366 2554 uerbo

172 2617 199 2656 ao
220 2593 454 2658 demonstratur
487 2594 635 2676 quoniam
669 2594 853 2675 expectabat
884 2598 994 2676 partus
1028 2597 1079 2660 sui
1110 2597 1262 2678 tempora,
1292 2597 1366 2678 quia

219 2699 303 2780 quod
327 2700 513 2764 conclusum
537 2702 586 2764 cst
609 2700 721 2782 aperiri
746 2700 835 2765 solet.
868 2720 931 2783 qua
953 2701 1074 2766 ratione
1099 2702 1248 2766 conclusa
1269 2701 1366 2767 fuerit

219 2805 312 2870 docet
335 2808 366 2870 te
391 2806 555 2888 apostolus
581 2806 704 2870 dicens:
733 2807 924 2872 conclusit
947 2808 1043 2872 enim
1068 2807 1159 2872 deus
1184 2808 1306 2872 omnia
1328 2808 1383 2871 in

216 2911 505 2990 incredulitate,
530 2914 571 2975 ut
595 2913 766 2977 omnibus
790 2913 1025 2992 misereatur,
1045 2917 1082 2977 ut
1105 2933 1174 2978 non
1194 2915 1362 2979 uolentis

305 3145 321 3198 5
340 3145 423 3198 Exod.
443 3146 468 3206 4,
490 3146 523 3198 12
597 3146 630 3198 12
650 3144 717 3199 Gen.
738 3146 779 3209 16,
799 3145 815 3198 2
834 3145 913 3199 Philo
934 3145 1044 3211 Quaest.
1063 3145 1106 3200 ΙΠ
1124 3145 1159 3200 20
1233 3147 1265 3199 17
1288 3147 1363 3200 Esai.

214 3233 294 3297 49,8
366 3234 401 3286 20
420 3234 499 3287 Philo
521 3233 630 3299 Quaest.
650 3233 746 3287 11120
819 3235 853 3287 22
871 3235 947 3288 Rom.
969 3235 1012 3300 11,
1031 3236 1065 3288 32
1134 3236 1167 3289 23
1188 3235 1308 3299 Rome,
1330 3238 1362 3290 16

250 3392 266 3444 1
286 3390 384 3445 nudius
403 3392 463 3462 (18.
482 3395 522 3460 u.)
542 3391 733 3459 tertiavNam
752 3392 795 3446 die
815 3393 846 3459 (s.
866 3401 902 3446 na
926 3393 978 3458 die,
997 3394 1046 3448 sed
1068 3398 1150 3462 ecca.)
1170 3394 1198 3446 P
1250 3395 1265 3449 3
1291 3394 1359 3447 collo

213 3479 267 3532 PB
282 3481 461 3534 collocutione
476 3481 506 3534 D
521 3481 722 3550 colloquutione
736 3481 770 3535 N
780 3482 958 3550 colloqutioni
974 3481 998 3535 0
1014 3483 1190 3537 collocutioni
1203 3483 1239 3536 M
1303 3485 1360 3536 tar-

215 3568 289 3622 dione
307 3569 371 3623 DN
438 3571 456 3623 4
474 3568 654 3639 respondetur
673 3573 716 3639 (ur
735 3587 767 3624 ea
785 3588 816 3624 us
835 3574 889 3634 1112,
910 3589 924 3626 8
945 3572 994 3626 alt.
1014 3589 1046 3626 coc
1064 3573 1074 3624 i
1092 3576 1149 3638 m3)
1168 3573 1195 3626 P
1274 3572 1298 3624 ei
1319 3572 1361 3634 (in

213 3661 282 3723 rae.)
303 3657 375 3726 quod
395 3658 424 3724 (d
442 3673 463 3711 s.
482 3661 522 3724 u.)
541 3659 569 3712 P
632 3659 749 3728 lplena
768 3663 827 3712 erat
845 3661 873 3712 P
890 3663 960 3726 (erat
977 3677 998 3714 8.
1017 3677 1045 3714 cc.
1066 3664 1122 3728 rn3)
1144 3667 1190 3716 cet.
1264 3661 1313 3712 aut
1333 3663 1359 3724 (a

213 3749 295 3813 eras.)
315 3747 342 3798 P
414 3746 447 3811 11
465 3746 535 3816 legis
555 3764 584 3800 os
603 3747 631 3800 B
715 3749 802 3801 totom
824 3752 890 3814 (va.
911 3766 925 3801 o
946 3749 1007 3815 ult.)
1026 3749 1158 3802 Ptotum
1179 3753 1205 3814 (o
1225 3753 1304 3814 ean)
1328 3748 1360 3800 T‘

249 3833 340 3887 orbern
359 3851 380 3888 s.
398 3851 426 3887 ec.
445 3838 493 3888 m3
510 3836 542 3888 c'rc
560 3852 587 3888 ac.
608 3841 724 3889 extremo
742 3836 770 3888 P
843 3838 875 3890 12
899 3837 980 3901 etiam
1002 3842 1033 3904 (s.
1054 3837 1093 3890 ait
1112 3841 1169 3903 1183)
1189 3836 1217 3889 P
1287 3853 1360 3889 sarra

212 3922 268 3976 PD
341 3924 374 3978 13
402 3923 486 3976 facies
512 3927 537 3992 (e
556 3940 577 3977 s.
596 3928 701 3990 ucc3)
721 3925 748 3977 P
821 3927 854 3978 14
881 3927 940 3995 illa]
967 3942 998 3979 ea
1017 3926 1044 3978 B
1135 3941 1282 3995 cognoscas
1304 3925 1362 3978 CM

247 4011 513 4081 praedestinationes
532 4018 569 4078 (m
588 4017 671 4080 cros.)
690 4013 718 4067 P
789 4031 895 4084 seraper
913 4015 1038 4068 luisseB
1094 4016 1126 4069 16
1144 4013 1360 4084 prorumpereN

212 4103 398 4170 prorumperet
420 4099 452 4153 T‘
471 4103 493 4170 (t
512 4087 603 4168 eruat
615 4106 661 4153 cet.
744 4105 909 4156 reseruatam
928 4103 1066 4156 Erasmus
1083 4104 1222 4155 reseruato
1241 4100 1271 4154 D
1290 4103 1317 4164 (a
1336 4117 1356 4154 8.
1380 4107 1389 4114 ’

212 4193 239 4254 p)
261 4188 285 4241 0
300 4191 439 4241 reseruata
457 4195 504 4243 cet.
561 4191 593 4243 17
614 4190 745 4259 scriptum
758 4189 822 4243 DN
837 4191 876 4244 sic
895 4192 1025 4260 scriptum
1039 4191 1067 4242 P
1084 4190 1135 4260 (sic
1153 4207 1175 4244 8.
1189 4206 1216 4244 rc.
1233 4190 1291 4258 1113)
1311 4195 1356 4243 oct.

211 4278 245 4331 22
265 4277 336 4331 enim
355 4293 406 4333 occ.
426 4277 453 4329 B
507 4278 541 4331 23
561 4277 660 4334 omnib.
681 4279 718 4344 (b.
738 4283 785 4332 m3
804 4296 837 4333 coc
856 4282 878 4348 s)
898 4279 926 4333 P
944 4279 1061 4332 omnium
1080 4279 1108 4331 B

236 4401 418 4440 namuurum.
433 4412 486 4450 pars
502 4404 520 4451 l,
535 4402 592 4441 fasc.
603 4404 622 4443 2.
1286 4385 1319 4436 41
