3322 4914
689 322 907 380 Praefatio.
1099 389 1101 394 Ι
1326 327 1368 390 LI

264 518 402 582 Maurini
431 518 462 581 in
491 517 628 581 editione
658 517 836 582 adornanda
864 517 915 581 usi
944 520 1019 581 sunt
1045 516 1135 580 libris
1162 515 1226 595 GP,
1252 519 1367 584 Carnu-

220 625 315 706 tensi,
328 643 420 706 quem
436 624 481 688 eis
497 643 576 706 qnae
590 645 621 706 p.
632 623 766 687 XXXVI
781 624 851 688 adn.
868 625 887 686 2
903 643 939 687 er
951 624 1008 688 illo
1026 623 1200 688 adtulimus
1213 626 1367 708 respectis

221 734 294 795 ante
318 750 414 796 annos
439 729 546 796 DCCC
569 731 684 794 litteris
708 729 954 813 langobardicis
978 731 1131 813 scriptum
1156 749 1226 794 csse
1249 731 1382 813 opinati.

222 842 307 916 sunt,
340 837 535 922 Benigniano
568 837 740 922 (Parisiaoo
772 837 905 917 11624),
935 836 1068 925 denique
1099 837 1251 901 tredecim
1285 838 1367 902 codi-

221 945 323 1022 cibus,
348 963 481 1028 quorum
505 941 613 1008 nullus
639 947 722 1008 certe
747 944 873 1008 saeculo
897 943 1066 1008 undecimo
1091 943 1249 1025 antiquior
1274 943 1367 1028 est,1)

220 1051 363 1134 plerique
386 1051 540 1115 Maurinis
563 1050 643 1134 ipsis
667 1049 860 1114 testantibus
884 1049 1085 1114 recentiores.
1120 1069 1214 1132 quam
1238 1050 1277 1114 ob
1301 1069 1367 1115 rem

220 1178 283 1222 non
307 1160 357 1222 est
381 1157 465 1240 quod
489 1157 667 1221 accuratius
692 1157 724 1220 in
744 1175 797 1223 eos
817 1157 1025 1238 inquiramus.
1050 1175 1151 1238 neque
1170 1158 1208 1220 ut
1226 1155 1264 1219 de
1284 1157 1367 1221 codi-

221 1401 339 1454 stionum
364 1418 444 1470 super
468 1401 566 1455 librum
593 1400 707 1455 Genesis
733 1417 764 1454 ex
794 1400 874 1454 dictis
903 1404 1057 1454 sanctorum
1084 1402 1191 1471 patrum
1218 1399 1366 1470 Augustini

221 1487 345 1558 Gregorii
367 1489 517 1543 Hieronimi
540 1487 676 1542 Ambrosii
699 1489 799 1542 Hilarii
816 1488 939 1543 Hisidori
957 1488 1085 1542 Eucherii
1110 1491 1138 1541 et
1155 1487 1256 1541 Iunilii'
1276 1488 1365 1541 medio

221 1594 288 1631 aeno
307 1578 336 1632 in
355 1578 454 1632 sobolis
474 1577 663 1634 adhibebatur.
683 1577 716 1631 de
736 1593 789 1647 qno
807 1577 859 1632 hoo
878 1577 937 1630 loco
951 1594 1039 1647 pauca
1051 1576 1177 1638 adiciam,
1195 1577 1311 1646 primum
1330 1595 1364 1630 ne

222 1667 282 1736 quis
300 1683 343 1720 me
362 1667 391 1720 in
410 1665 538 1720 subsidiis
557 1666 716 1735 colligendis
736 1667 794 1720 eius
812 1667 893 1735 plane
911 1666 1094 1719 immemorem
1113 1664 1196 1717 luisse
1211 1664 1365 1726 arbitretur,

219 1759 278 1808 tum
298 1756 362 1824 quia
380 1771 450 1824 quae
468 1755 500 1811 R.
519 1755 618 1824 Peiper
636 1756 663 1807 in
681 1755 780 1808 Alcimi
799 1755 875 1807 Auiti
893 1757 922 1807 et
941 1754 1067 1823 Cypriani
1091 1753 1255 1807 editionibus
1273 1771 1300 1823 p.
1319 1753 1366 1807 LV

220 1861 278 1914 sqq.
299 1847 371 1915 etp.
390 1845 419 1898 II
438 1861 496 1914 sqq.
517 1844 549 1898 dc
570 1861 600 1897 eo
625 1844 750 1913 exposuit
772 1859 826 1896 non
852 1843 923 1894 omni
943 1845 1068 1911 exparte
1088 1842 1211 1896 sulficere
1230 1842 1364 1898 uidentur.

220 1933 321 1986 etenim
346 1951 414 2002 quae
437 1934 559 1986 Martene
584 1935 612 1986 et
634 1931 746 1986 Durand
769 1932 797 1984 in
821 1930 923 1984 Anecd.
949 1931 1009 1986 coll.
1036 1930 1116 1999 ampl.
1136 1930 1217 1984 VIIII
1235 1932 1286 1985 295
1306 1945 1364 2000 sqq.

219 2021 390 2093 (LXXXXVI
409 2023 478 2076 1105
496 2022 551 2089 Μ.)
575 2019 719 2074 ediderunt
742 2020 833 2090 capita
855 2023 960 2073 tantum
981 2021 1044 2072 sunt
1063 2019 1151 2088 operis
1170 2019 1277 2073 Baedae
1296 2020 1364 2072 falso

220 2109 349 2178 adscripti
374 2113 455 2178 atque
479 2107 530 2162 hac
554 2109 744 2178 inscriptione:
765 2107 970 2174 ‘Quaestionum
989 2124 1069 2175 super
1089 2105 1214 2161 Genesim
1235 2125 1265 2162 er
1284 2107 1365 2161 dietis

219 2201 325 2267 patrum
353 2197 485 2266 dialogus'
517 2197 635 2267 praefixa
661 2198 732 2250 inter
761 2197 818 2250 eius
853 2212 934 2265 opera
962 2195 1046 2250 dubia
1078 2199 1107 2249 et
1138 2197 1230 2264 spuria
1262 2196 1365 2265 recepti

220 2286 533 2352 <Lxxxxn1233mr
548 2303 610 2356 pars
626 2286 682 2339 eius
698 2286 786 2356 operis
800 2285 957 2354 prohoemio
974 2285 1072 2338 omisso
1088 2284 1161 2351 (inde
1177 2284 1365 2338 aLXXXXIII

220 2375 270 2429 242
287 2374 307 2430 C
322 2399 356 2420 =
370 2373 531 2430 LXXXXVI
546 2376 615 2429 1114
629 2373 665 2440 D)
681 2374 708 2426 in
728 2372 822 2426 eodem
840 2372 949 2426 Baedae
968 2376 1043 2426 tomo
1062 2371 1163 2441 legitur
1181 2372 1232 2426 hac
1251 2373 1364 2442 inscrip-

218 2464 293 2517 tione
318 2464 438 2518 adieota:
467 2461 584 2517 ‘Baedae
608 2463 640 2516 de
664 2462 702 2515 VI
726 2461 829 2515 dierum
859 2463 994 2515 creatione
1019 2460 1088 2514 liber
1116 2461 1310 2515 sententiarum
1334 2478 1365 2515 ex

218 2552 341 2623 patribus
361 2552 541 2606 collectarum*
561 2553 597 2622 (p.
614 2550 677 2617 207)
698 2553 779 2620 atque
798 2551 867 2604 haec
885 2551 1023 2603 inuenitur
1040 2549 1068 2602 in
1088 2549 1179 2603 codice
1193 2550 1363 2603 Bruxellensi

217 2641 337 2711 8654172
356 2641 463 2694 saecX
483 2657 498 2693 a
515 2657 558 2694 mc
577 2640 699 2707 inspecto
714 2640 733 2692 f.
750 2640 862 2702 1—147,
881 2638 928 2693 ubi
946 2639 991 2692 iric
1009 2638 1106 2691 titulus
1126 2640 1289 2706 praemissus
1309 2644 1362 2694 est:

218 2729 328 2798 ‘Incipit
342 2728 494 2798 explanatio
514 2745 559 2782 sex
579 2729 682 2782 dierum
701 2729 729 2781 in
749 2727 846 2797 quibus
861 2728 964 2781 creauit
979 2727 1043 2781 deus
1059 2727 1161 2780 caelum
1177 2730 1205 2779 et
1218 2730 1317 2780 terram
1334 2745 1364 2781 ex

218 2816 299 2871 dietis
312 2817 447 2871 Ambrosii
467 2819 495 2870 et
512 2816 657 2886 Agustini'.
676 2815 711 2868 ad
730 2815 801 2868 idem
816 2832 883 2884 opus
901 2814 1040 2885 pertinent
1055 2832 1169 2884 eaquae
1184 2816 1211 2868 in
1226 2816 1291 2869 libri
1307 2820 1361 2869 Au·

219 2907 322 2974 giensis
332 2905 431 2969 CCLV,
441 2923 512 2959 nunc
522 2905 737 2961 Caroliruhensis
752 2921 821 2958 saec.
832 2904 921 2968 VIIII,
933 2920 1000 2958 arne
1016 2903 1160 2958 examinati
1171 2904 1197 2958 ff.
1210 2904 1363 2958 1070—116

217 2997 354 3064 leguntur,
373 2994 401 3047 in
420 3010 473 3062 quo
491 2994 558 3048 haec
575 2995 717 3065 inscriptio
737 2997 823 3048 extat:
844 2993 991 3062 ‘Incipiunt
1010 2993 1130 3062 capitula
1147 2992 1211 3046 libri
1229 2992 1309 3045 huius
1330 2992 1363 3046 de

219 3082 300 3136 dictis
324 3071 363 3137 sci
380 3083 527 3152 Augustini
545 3082 696 3136 Hieronimi
721 3085 749 3136 et
766 3081 920 3144 Ambrosii,
945 3098 1026 3150 quam
1050 3081 1173 3150 sequitur
1196 3081 1361 3149 epigramma

218 3171 328 3226 Taionis
354 3171 460 3238 (LXXX
485 3171 534 3226 731
561 3172 624 3240 M).
651 3170 698 3224 sed
722 3171 750 3224 in
775 3172 891 3239 utroque
918 3170 1009 3224 codice
1035 3172 1174 3238 tamquam
1200 3169 1270 3222 alter
1294 3169 1364 3224 liber

218 3262 391 3329 quaestiones
415 3259 447 3313 de
470 3277 541 3314 nouo
566 3259 741 3314 Testamento
766 3259 890 3312 adiectae
914 3262 986 3322 sunt,
1010 3258 1043 3311 de
1067 3275 1179 3327 quarum
1207 3258 1311 3326 origine
1336 3262 1363 3312 et

219 3352 328 3403 auctore
348 3349 490 3419 quicquam
509 3348 640 3418 indagare
658 3348 726 3402 mibi
744 3365 797 3401 non
817 3349 941 3417 contigit.
961 3347 1135 3401 memorabile
1155 3363 1220 3400 sane
1235 3350 1277 3400 est
1292 3347 1362 3399 Wie-

217 3435 284 3490 bodi
309 3453 378 3506 quae
403 3436 526 3490 feruntur
552 3437 724 3505 quaestiones
751 3440 779 3489 et
802 3436 910 3490 Baedae
937 3437 984 3506 qui
1007 3439 1120 3490 uocatur
1142 3435 1175 3489 de
1199 3435 1238 3489 VI
1261 3435 1363 3489 dierum

217 3526 352 3580 creatione
371 3526 469 3579 librum
489 3525 583 3580 eodem
602 3525 658 3579 fere
677 3526 737 3579 loco
757 3525 888 3580 desinere.
908 3525 953 3578 uix
967 3529 1057 3580 autem
1077 3542 1144 3594 opus
1165 3527 1206 3578 est
1224 3526 1255 3576 ut
1275 3522 1361 3577 dicam

216 3617 360 3683 utrumque
380 3631 446 3684 opus
465 3631 574 3684 prorsus
594 3615 712 3667 alienum
731 3631 789 3667 esse
809 3631 825 3666 a
844 3613 967 3682 genuinis
986 3613 1092 3667 Baedae
1113 3614 1159 3682 qui
1183 3612 1217 3666 ad
1237 3611 1363 3666 Genesim

217 3705 342 3772 spectant
359 3703 531 3759 tractatibus.
546 3703 731 3757 Heraemeron
746 3703 805 3756 dico
826 3703 986 3769 (LXXXXlI
1000 3703 1016 3756 9
1031 3703 1085 3769 M.)
1102 3707 1129 3756 et
1142 3701 1361 3756 commentarium

215 3793 244 3845 in
262 3790 477 3846 Pentateuchum
496 3792 534 3861 (p.
554 3793 625 3858 189).
644 3793 712 3846 haec
730 3792 816 3862 igitur
830 3792 977 3854 euticiana
998 3807 1061 3846 nam
1076 3808 1134 3844 cum
1148 3790 1252 3844 nullum
1268 3805 1298 3842 ex
1311 3789 1362 3844 hac

216 3897 244 3933 re
265 3878 298 3933 ad
317 3879 454 3933 Ambrosii
476 3881 560 3933 libros
584 3881 761 3934 recensendos
785 3881 901 3934 fructum
923 3879 1073 3933 redundare
1096 3879 1297 3941 intellexissem,
1318 3894 1360 3930 ac-

219 3970 340 4022 curatius
359 3970 386 4021 in
407 3986 466 4022 earn
484 3970 619 4037 inquirere
639 3987 691 4022 non
707 3987 796 4022 meum
809 3986 867 4022 esse
881 3971 955 4022 ratus
968 3970 994 4021 in
1009 3969 1052 4022 his
1068 3984 1136 4036 quae
1151 3967 1208 4020 erui
1224 3966 1360 4035 adquieui.

261 4057 281 4126 ¹)
309 4057 406 4126 quodsi
434 4057 552 4111 Maurini
579 4058 778 4127 Benignianum
808 4056 843 4110 ad
870 4057 1007 4111 saeculum
1035 4056 1073 4110 XI
1101 4054 1270 4109 referendum
1299 4056 1361 4107 ante

216 4163 300 4199 annos
319 4146 412 4201 DCCC
432 4149 570 4202 exaratum
590 4163 648 4200 esse
668 4145 772 4209 dicunt,
785 4145 973 4214 Remigianum
994 4148 1022 4198 et
1041 4144 1279 4204 Cenomanensem‚
1295 4158 1361 4210 quos

215 4233 335 4288 eiusdem
355 4236 453 4288 aetatis
473 4251 532 4288 esse
551 4234 652 4298 dicunt,
673 4233 760 4290 eidem
780 4235 887 4288 saeculo
907 4233 1098 4287 adscribendos
1119 4249 1176 4286 esse
1195 4235 1280 4302 patet.

1293 4335 1325 4390 a*
