3322 4914
319 349 425 414 XVIII
787 345 1002 401 Praefatio.

322 541 396 622 quin
416 559 491 604 uero
506 539 536 603 V
552 540 603 618 12,
625 540 678 619 39,
694 538 751 603 ubi
770 538 808 602 de
828 538 1022 614 animalium,
1036 539 1069 602 in
1082 539 1194 622 primis
1209 539 1318 604 auium
1331 540 1466 606 uocibus

319 648 447 712 locutus
466 649 516 710 111
529 644 729 724 Ambrosius,
750 663 872 709 carmen
893 644 931 708 de
951 645 1123 727 philomela
1136 647 1246 729 (Auth.
1262 647 1318 712 lut.
1334 647 1398 712 762
1412 645 1466 731 Β.)

320 756 391 818 ante
421 753 530 818 oculos
559 751 715 830 habuerit,
745 769 837 815 nemo
866 754 944 833 puto
974 751 1144 818 dubitabit.
1176 753 1260 818 unde
1289 757 1396 818 autem
1430 773 1468 819 ea

322 858 553 942 deprompserit
586 877 665 940 quae
698 857 744 922 VI
766 859 797 936 4,
822 859 862 921 21
903 857 941 921 de
977 857 1087 923 fraude
1122 859 1228 938 refert,
1266 878 1329 942 qua
1363 859 1467 944 tigris,

321 966 397 1030 dum
430 966 535 1030 furore
571 965 664 1048 plena
701 965 879 1030 catulorum
917 983 1047 1030 suorum
1084 969 1241 1047 raptorem
1278 966 1466 1050 insequitur,

321 1071 434 1138 callide
472 1071 639 1154 decipitur,
676 1073 784 1135 utrum
822 1071 973 1136 Suetonio
1013 1091 1050 1136 an
1087 1075 1182 1154 poeta
1214 1073 1352 1155 quodam
1387 1091 1467 1137 usus

322 1180 375 1262 sit,
414 1178 566 1263 explorari
602 1198 663 1244 non
700 1180 817 1261 potest.
855 1178 888 1242 id
926 1178 1054 1261 quidem
1086 1182 1208 1244 certum
1241 1182 1290 1244 est
1321 1179 1390 1244 eius
1422 1180 1468 1244 roi

321 1288 445 1367 praeter
490 1286 573 1350 hunc
617 1286 725 1350 locum
770 1285 855 1368 apud
900 1285 1004 1350 solum
1047 1284 1255 1351 Claudianum
1297 1286 1334 1350 de
1375 1287 1468 1367 raptu

323 1393 467 1475 Proserp.
495 1392 544 1456 III
571 1392 636 1455 263
666 1410 734 1473 sqq.
763 1389 956 1456 mentionem
984 1391 1062 1456 fieri.
1095 1410 1195 1473 neque
1223 1411 1242 1456 a
1268 1393 1336 1456 ueri
1362 1389 1468 1474 specie

323 1499 470 1564 abhorret
497 1498 706 1563 Claudianum
738 1497 816 1562 haec
843 1515 880 1561 ex
906 1496 1075 1562 Ambrosio
1105 1498 1292 1580 sumpsisse.
1325 1498 1468 1564 conferas

324 1625 439 1688 quaeso
460 1623 540 1687 quae
560 1604 643 1688 apud
661 1604 745 1668 hunc
764 1602 915 1686 leguntur
934 1605 1009 1682 217,
1031 1605 1071 1668 19
1092 1605 1239 1688 ‘imagine
1258 1605 1308 1670 sui
1325 1605 1469 1692 luditur',

324 1715 366 1777 23
391 1712 559 1790 retardat,
584 1709 661 1788 218,
684 1712 704 1774 2
728 1711 863 1774 ‘cassam
886 1713 994 1773 uersat
1011 1709 1193 1794 imaginem'
1211 1729 1284 1776 cum
1305 1709 1469 1776 ClaudIani

322 1817 429 1884 uerbis
452 1838 484 1881 u.
509 1818 573 1882 268
610 1817 762 1882 ‘tardatur
788 1817 925 1900 imagine
948 1816 1089 1881 formae'.
1114 1817 1192 1881 adde
1221 1817 1306 1900 quod
1334 1817 1469 1882 eundem

322 1927 354 1991 in
387 1924 524 1990 carmine
557 1923 595 1988 de
628 1923 784 1987 Phoenice
823 1923 1067 2006 descriptionem
1104 1923 1203 2000 illam,
1243 1943 1322 2006 quae
1354 1924 1469 2005 Expos.

322 2031 439 2115 psalmi
459 2029 591 2095 CXVIII
611 2049 636 2094 s.
658 2031 699 2094 19
719 2049 744 2095 1.
766 2032 807 2093 13
828 2030 1018 2108 continetur,
1038 2030 1215 2113 respexIsse
1233 2029 1395 2113 probabile
1411 2031 1470 2094 est.

324 2138 401 2202 bace
433 2135 533 2219 igitur
565 2135 739 2212 sufficiant3
773 2155 844 2200 nam
877 2155 939 2200 non
970 2154 1077 2202 meum
1110 2155 1180 2202 esse
1211 2139 1289 2220 puto
1318 2155 1470 2220 exponere

321 2244 451 2333 nqualem
479 2261 585 2307 sacrae
615 2242 789 2325 scripturae
818 2242 1022 2325 interpretem
1049 2243 1103 2307 uel
1130 2243 1219 2308 uerbi
1248 2242 1349 2308 diuini
1380 2261 1470 2324 prae-

326 2369 435 2415 conem
458 2349 647 2415 Ambrosius
676 2367 710 2414 11
739 2352 771 2413 11
797 2349 1005 2414 inExamero
1033 2351 1066 2414 et
1092 2349 1124 2414 in
1153 2349 1266 2414 ceteris
1299 2369 1379 2432 quae
1411 2349 1471 2414 boc

325 2457 475 2520 uolumen
495 2455 717 2539 complectitur
731 2455 879 2538 operibus
893 2455 1082 2537 praebuerit,
1098 2455 1211 2539 quade
1225 2475 1258 2520 re
1268 2455 1427 2520 Focrsteri
1440 2457 1474 2519 et

325 2562 466 2627 Kellncri
493 2563 592 2627 libros
622 2561 784 2644 inspicias.
819 2562 1014 2644 splendescit
1042 2581 1116 2628 sane
1143 2562 1175 2626 in
1199 2563 1250 2626 his
1274 2562 1472 2626 sermonibus

325 2668 487 2734 Ambrosii
513 2668 676 2754 ingenium
706 2668 886 2746 oratorium,
914 2669 1044 2734 ubertas
1070 2668 1102 2732 iu
1131 2668 1272 2747 dicendo,
1302 2669 1471 2734 uerborum

327 2776 426 2858 copia,
452 2774 575 2839 animus
599 2775 806 2840 humanitatis
830 2773 955 2858 plenus,
980 2774 1174 2858 splendescit
1195 2775 1251 2839 illa
1271 2794 1333 2858 qua
1351 2774 1473 2838 abunde

326 2882 503 2946 instructus
528 2884 594 2944 erat
617 2881 752 2946 facultas
776 2882 902 2966 poetica
925 2883 1020 2962 atque
1038 2881 1093 2945 ille
1113 2898 1174 2962 quo
1194 2881 1326 2965 uigebat
1344 2883 1473 2946 naturae

326 2985 574 3068 pulchritudiuis
605 3005 730 3065 sensus,
753 2986 786 3052 in
809 3007 871 3070 quo
897 2988 1082 3053 declarando
1106 2985 1217 3052 florida
1241 2987 1270 3052 ei
1292 2985 1475 3069 eloquentia

328 3092 527 3175 suppetebat.
537 3090 561 3177 ¹)
580 3092 696 3156 mirum
719 3093 860 3176 profecto
885 3096 935 3158 est
959 3093 1122 3176 hocopus
1146 3093 1184 3157 ab
1203 3092 1395 3177 Augustino,
1419 3092 1476 3175 qui

327 3198 444 3264 totiens
467 3197 629 3263 Ambrosii
657 3198 757 3264 libros
785 3198 930 3264 maximis
957 3199 1107 3264 laudibus
1136 3199 1259 3270 extulit,
1287 3198 1375 3263 nullo
1402 3199 1474 3264 loco

329 3303 576 3371 commemorari.
597 3303 826 3388 Hieronymum
845 3323 907 3370 uno
927 3303 1031 3390 loco²)
1050 3305 1119 3370 eius
1137 3306 1330 3370 mentionem
1348 3305 1473 3382 1111111,

329 3410 385 3476 scd
408 3410 463 3489 ita,
487 3413 525 3478 ut
552 3413 636 3474 certe
663 3410 751 3475 laudi
778 3431 840 3476 non
868 3410 1056 3495 indulgeret,
1080 3429 1176 3494 supra
1203 3411 1349 3476 diximus.
1374 3429 1475 3493 neque

329 3535 366 3581 11
396 3516 558 3581 Ambrosii
592 3516 738 3600 epistulis
773 3518 812 3582 ad
845 3517 1077 3584 Horontianum
1114 3521 1147 3582 et
1178 3515 1329 3584 Sabinum
1366 3517 1476 3582 missis

330 3705 487 3776 ‘reparatur'
508 3706 580 3776 apud
598 3707 769 3762 Ambrosium
791 3708 850 3771 197,
869 3707 886 3761 8
906 3725 966 3762 cum
985 3725 1017 3762 eo
1042 3709 1115 3778 quod
1132 3708 1268 3764 Ausonius
1286 3708 1389 3762 XXXII
1408 3711 1424 3764 6
1445 3708 1474 3763 S.

330 3793 363 3847 de
381 3793 513 3863 phoenice
533 3794 602 3848 dixit
620 3795 788 3864 ‘reparabilis
807 3795 872 3848 ales'
893 3797 1043 3850 conuenire.

375 3882 396 3949 ¹)
417 3899 578 3952 quamquam
597 3883 641 3937 uel
660 3883 805 3938 inhaere
824 3885 911 3938 multa
929 3885 963 3938 ad
982 3885 1069 3954 ipsurn
1089 3885 1221 3940 Basilium
1238 3884 1366 3950 redeunt}
1391 3884 1424 3941 cf.
1444 3886 1477 3938 A.

330 3970 501 4024 Humboldtii
520 3971 589 4024 liber
607 3971 654 4041 qui
672 3971 831 4025 inscribitur
849 3972 965 4026 Kosmos
984 3973 1038 4027 uol.
1057 3973 1129 4042 Hp.
1149 3973 1184 4028 29
1203 3971 1244 4026 ed.
1265 3990 1288 4026 a.
1310 3972 1386 4026 1847.

377 4057 396 4122 ²)
416 4059 534 4129 respexit
556 4059 673 4112 fortasse
696 4059 748 4114 hoc
771 4077 838 4130 opus
863 4077 968 4130 quoque
991 4062 1019 4115 in
1038 4060 1116 4130 epist.
1139 4061 1199 4127 112,
1218 4061 1253 4116 20
1273 4061 1332 4127 (XX
1350 4062 1403 4115 929
1422 4060 1481 4130 Μ.)

331 4148 364 4202 ad
383 4146 567 4216 Augustinum
585 4147 676 4211 missa,
696 4164 750 4217 qua
768 4149 940 4202 Ambrosium
959 4150 987 4203 in
1007 4149 1168 4218 quibusdam
1188 4149 1332 4218 Origenem
1353 4151 1478 4203 secutum

331 4251 389 4290 1111
409 4235 484 4288 dixit.
