3322 4932
541 1059 760 1160 TABVLA
795 1059 1068 1158 obuluvn.

276 1406 339 1464 Hac
363 1406 463 1464 tabula
486 1407 609 1480 codiceS,
634 1423 705 1480 quos
730 1406 832 1465 aubin
857 1407 1060 1467 commentario
1081 1409 1131 1465 eub
1149 1407 1179 1466 iu
1197 1407 1376 1481 praefatione

232 1495 295 1553 sola
327 1497 560 1570 commemoraui,
594 1495 768 1570 compositos
801 1515 834 1555 ac
865 1515 918 1570 per
948 1497 1061 1556 litteras
1094 1496 1223 1570 digestos
1261 1495 1377 1554 exhibui

233 1584 314 1658 siglis
347 1585 452 1658 quibus
485 1586 515 1644 in
548 1585 589 1644 eis
617 1586 779 1644 indicandis
809 1603 880 1644 usus
908 1604 971 1645 sum
998 1586 1182 1660 numerisque
1205 1586 1376 1660 paginarum

231 1672 429 1748 praefationis,
454 1674 482 1732 iu
508 1675 612 1749 quibus
637 1676 672 1733 de
696 1675 737 1734 sis
761 1675 923 1735 accuratius
948 1675 1108 1751 exponitur,
1134 1675 1262 1734 adiectis
1286 1675 1375 1734 libros

232 1763 441 1822 Ambrosianus
470 1764 520 1838 qui
547 1765 601 1824 hoo
630 1757 775 1823 uolumine
800 1767 994 1838 continentur,
1018 1767 1051 1824 ub
1068 1765 1205 1823 breuitabi
1228 1764 1375 1836 seruirem,

232 1851 277 1910 his
302 1853 479 1927 compendiis
503 1853 680 1927 significauit
705 1855 755 1915 Ex.
778 1855 845 1912 Par.
871 1855 920 1913 Ca.
944 1855 1001 1913 No.
1025 1855 1096 1912 Abu.
1119 1854 1159 1912 Is.
1183 1854 1236 1911 Bo.
1271 1852 1375 1927 quodsi

233 1941 355 2014 siugulis
380 1942 528 2002 codicibus
552 1943 627 2017 sigla
645 1943 735 2002 ueluti
754 1938 786 2002 A
800 1937 834 2001 B
853 1943 1002 2018 adscripta
1019 1961 1076 2002 non
1096 1944 1173 2016 sunt,
1193 1942 1269 2001 scias
1288 1942 1374 2000 nolim

234 2047 331 2090 eorum
354 2031 385 2088 in
407 2032 585 2106 praefatione
610 2033 722 2092 tantum
745 2032 920 2092 mentionem
944 2033 1051 2092 faedam
1075 2049 1148 2092 esso.

276 2119 477 2180 Ambrosiani:

365 2210 388 2268 F
414 2206 476 2269 117
501 2226 564 2285 sup.
589 2210 667 2284 (Ca.:
690 2205 748 2280 A¹;
775 2204 841 2290 Ex.)
865 2229 894 2285 p.
918 2211 1092 2284 XXXVIIII,
1115 2210 1212 2270 LVHI

365 2299 381 2356 I
405 2294 467 2358 101
492 2317 555 2374 sup.
580 2295 679 2378 (Abr.:
703 2294 747 2380 oe)
770 2319 799 2375 p.
824 2301 929 2359 LXXII

366 2389 391 2446 R
414 2384 455 2447 82
480 2405 545 2462 sup.
569 2389 645 2464 (Cat
670 2383 715 2458 A;
740 2386 805 2466 Ex.)
828 2408 857 2464 p.
881 2391 1054 2465 XXXVIIII,
1078 2389 1175 2450 LVIII

277 2477 478 2536 Atrebabeusis
502 2474 566 2537 346
591 2472 671 2558 (Ex.:
695 2473 784 2555 Αί-ν.)
806 2497 835 2553 p.
859 2481 961 2539 XXXX

278 2567 588 2641 Andomaropolibanus
609 2563 650 2626 72
674 2569 750 2642 (Par.
770 2569 810 2626 Is.
830 2570 899 2629 Bo.:
919 2564 964 2650 A)
982 2587 1011 2643 p.
1031 2569 1095 2642 LII,
1114 2567 1244 2641 LXXIII,
1265 2567 1374 2641 LXXV,

278 2745 449 2819 Augienses,
474 2763 550 2805 nunc
575 2745 822 2805 Caroliruhensos:

369 2831 431 2894 130
455 2835 506 2908 (Is.
529 2837 600 2895 Bo:
624 2829 663 2908 b)
686 2854 716 2910 p.
739 2837 875 2895 LXXIIII

368 2920 431 2983 156
455 2917 539 3003 (Abr.
562 2925 603 2983 Is.
627 2926 695 2984 Bo.:
720 2919 783 3005 91¹¹)
811 2944 839 3000 p.
863 2926 995 2996 LXVHI,
1019 2924 1140 2982 LXXIII

367 3010 431 3072 213
455 3014 537 3086 (Abu.
560 3015 600 3072 Is.
624 3016 693 3072 Bo:
717 3008 768 3087 bu)
791 3033 820 3089 p.
844 3016 976 3089 LXVIII,
1000 3014 1122 3072 LXXIII

367 3098 431 3162 216
455 3101 534 3180 (Ena
558 3098 610 3180 21¹)
633 3122 663 3178 p.
687 3104 820 3166 XXXVII

367 3187 430 3251 225
456 3186 536 3274 (ura
561 3186 603 3273 u)
626 3211 655 3267 p.
679 3193 798 3252 XXXVI

367 3277 432 3340 236
456 3282 534 3355 (Bos
559 3277 632 3355 VIM)
655 3300 685 3356 p.
709 3283 826 3341 LXXVI

367 3367 446 3429 255:
470 3390 500 3446 p.
524 3372 564 3429 LI

278 3460 516 3519 Aurelianenses:

390 3545 431 3608 33
455 3543 532 3631 (Ca.)
555 3569 584 3624 p.
607 3550 657 3608 LX
751 3597 753 3602 .

368 3635 431 3698 192
454 3640 532 3712 (Eut
556 3631 601 3721 A)
625 3658 654 3714 p.
678 3639 801 3698 XXXIII

278 3730 456 3787 Beruenses:
523 3723 528 3734 ’

367 3813 431 3877 325
455 3815 535 3895 (an
559 3811 604 3894 B)
627 3836 656 3892 p.
680 3819 799 3876 XXXXI

367 3904 432 3967 585
456 3907 530 3980 (Ex.)
553 3926 582 3982 p.
606 3907 771 3967 XXXVIIII

277 3996 469 4056 Bononiensis
488 3989 806 4080 (Boqugne-sur-Mer)
830 3992 873 4057 34
897 3997 971 4072 (Ex.)
994 4015 1023 4071 p.
1048 3997 1164 4055 XXXXI

278 4087 457 4161 Brugenses:

370 4172 431 4235 101
457 4176 523 4249 (No.
547 4176 632 4234 Abu:
657 4168 701 4248 B)
724 4193 754 4249 p.
777 4175 874 4234 LXIII

369 4261 432 4325 103
455 4259 554 4345 (Abu.)
577 4283 606 4338 p.
630 4264 753 4323 LXVIII
