3342 4920
293 321 358 384 636
763 316 959 370 Ambrosii

292 512 324 576 in
356 531 407 577 me
440 511 636 588 castimonia,
668 512 700 576 in
733 530 783 575 me
812 513 926 590 uirtus,
954 511 986 575 in
1014 530 1065 574 me
1092 510 1225 589 iustitia,
1255 531 1305 576 me
1334 513 1437 576 solum

291 620 406 702 regunt
433 618 570 684 etmihi
598 617 798 682 dominantur
825 623 858 682 et
885 621 960 682 sunt
987 617 1437 693 m01·tales;murienteenim

292 744 342 789 me
367 726 537 790 soluuntur
560 727 591 788 et
614 724 793 790 moriuntur
816 725 912 789 etiam
938 724 1004 790 illa.
1038 743 1118 806 quae
1135 723 1248 787 ’autem
1271 723 1438 806 prudentia

291 830 479 914 generaliter
512 831 637 909 dicitur,
672 850 750 913 quae
785 831 983 906 castimonia,
1013 849 1093 914 qnae
1120 829 1273 894 fortitudo
1302 833 1436 894 ceterae-

291 957 352 1020 que
375 937 511 1003 uirtutes
535 938 735 1020 principales,
759 937 815 1003 sed
839 938 1026 1021 generaliter
1048 937 1236 1021 principales
1260 939 1292 1001 et
1309 937 1436 1020 reginae
1467 963 1479 1001 s
1505 939 1525 994 c

291 1045 446 1126 quaedam
468 1044 663 1118 inmortales,
685 1044 719 1108 in
743 1043 793 1108 his
817 1047 960 1126 potestas
984 1047 1042 1122 est,
1065 1043 1233 1109 inmortale
1254 1042 1337 1107 illud
1354 1044 1435 1126 prin-

290 1151 402 1232 cipale,
435 1151 520 1215 sicut
552 1154 602 1215 est
633 1150 741 1234 regina
774 1150 918 1225 ecclesia,
952 1168 1032 1231 quae
1064 1168 1125 1214 non
1157 1170 1209 1214 me
1240 1169 1350 1227 unum,
1380 1150 1436 1214 sed

290 1257 456 1322 uniuersos
488 1258 582 1342 regit.
617 1277 690 1341 ergo
723 1257 862 1340 speciem
895 1257 926 1320 in
962 1275 1074 1340 genus,
1102 1257 1283 1338 partemin
1311 1256 1435 1321 uniuer-

289 1363 428 1441 sitatem,
466 1364 765 1446 corruptibilitatem
801 1364 832 1426 in
875 1363 1209 1446 incorruptibilitatem
1250 1380 1433 1427 conuersam

289 1471 446 1548 uidemus,
475 1491 554 1553 quae
585 1471 690 1536 omnia
726 1470 879 1536 ecclesiae
916 1470 1084 1534 conuenire
1117 1473 1237 1534 certum
1271 1487 1333 1546 esr3
1373 1489 1433 1534 non
1454 1495 1479 1532 ιο

288 1576 371 1641 enim
404 1577 554 1659 specialis
586 1579 676 1655 haec,
709 1577 764 1642 sed
793 1577 949 1660 generalis
977 1576 1057 1640 ratio
1087 1579 1136 1641 est
1163 1595 1220 1640 nec
1243 1577 1354 1660 partis,
1377 1576 1433 1642 sed

287 1683 506 1748 uniuersitatis
540 1685 638 1748 salus.
675 1684 809 1768 ideoque
841 1683 891 1748 his
923 1683 1184 1766 praecedentibus
1217 1702 1290 1748 cum
1322 1702 1433 1747 unum-

287 1810 446 1874 quemque
474 1791 640 1874 prudentia
669 1810 726 1856 sua
754 1791 793 1854 ad
820 1791 900 1854 hanc
924 1789 1128 1872 principalem
1153 1793 1186 1854 et
1209 1790 1355 1854 diffusam
1378 1808 1434 1874 per
1496 1791 1521 1844 D

287 1916 394 1962 omues
423 1899 557 1962 salutem
588 1896 762 1972 deduxerit,
791 1896 823 1960 in
853 1914 914 1977 qua
937 1895 1006 1960 fons
1031 1895 1205 1978 sapientiae
1227 1895 1432 1980 institiaeque

286 2006 345 2080 est,
372 2003 545 2086 requiritur
571 2003 732 2086 generatio
762 2005 794 2066 et
820 2002 874 2066 ille
902 2003 1059 2084 perfectae
1081 2007 1191 2086 partus
1214 2003 1431 2078 iucunditatis,
1452 2028 1476 2066 ιε»

286 2110 376 2174 cuius
403 2129 516 2174 nomen
544 2110 648 2185 Isaac;
678 2109 764 2172 nulla
792 2109 875 2173 onim
904 2108 1016 2174 melior
1037 2109 1187 2192 uoluptas
1211 2129 1304 2193 quam
1329 2129 1431 2175 emen.

285 2216 376 2280 datae
409 2216 511 2299 gratia
544 2215 764 2280 conscientiae.
798 2215 870 2279 bine
898 2214 1047 2298 Epicurei
1077 2219 1239 2281 traxerunt
1270 2236 1430 2280 summum

283 2323 402 2387 bonum
425 2323 625 2404 uoluptatem
649 2341 730 2399 esse,
750 2322 806 2386 sed
825 2341 895 2386 eam
914 2322 1053 2404 corporis
1072 2322 1175 2406 magis
1194 2322 1429 2405 inquinamento

285 2448 380 2510 quam
404 2428 575 2494 sobrietate
599 2429 714 2494 mentis
743 2429 1003 2494 aestimauerunt.

239 2532 283 2596 86
330 2534 414 2615 Quid
438 2537 487 2599 est
511 2539 617 2600 autam
642 2535 725 2619 quod
745 2535 803 2600 ait:
829 2534 983 2600 cecidit
1005 2535 1044 2598 in
1068 2535 1213 2600 faciem
1233 2537 1428 2600 Abraham
1449 2537 1519 2599 soE

286 2644 325 2705 et
356 2641 476 2708 risit?
510 2645 542 2706 et
568 2644 621 2708 hio
649 2642 825 2708 reuerentia
857 2641 1063 2726 significatur,
1092 2641 1177 2724 quod
1203 2642 1313 2707 timuit
1336 2643 1429 2708 deum

285 2749 377 2812 uelut
402 2748 501 2814 libero
529 2749 595 2814 risu
623 2749 757 2825 laedere,
786 2748 934 2831 quamuis
962 2748 1046 2812 risus
1073 2747 1229 2814 laetitiam
1258 2749 1430 2814 declararet

285 2855 347 2919 uiri
373 2854 463 2932 iusti,
492 2855 546 2937 qui
575 2855 672 2919 tantis
702 2855 921 2938 gratulabatur
946 2853 1121 2936 promissio.
1149 2874 1209 2920 non
1235 2854 1316 2918 enim
1341 2855 1429 2920 dubi-

285 2962 381 3026 tantis
414 2961 466 3026 hic
497 2962 591 3036 risus,
622 2962 677 3025 sed
705 2961 861 3026 credentis
889 2961 961 3026 fuit.
996 2960 1093 3025 simul
1120 2961 1195 3043 quia
1218 2961 1335 3027 cadunt
1357 2967 1427 3026 ante

285 3067 380 3132 deum
413 3070 517 3134 omnia
549 3073 581 3132 et
608 3071 773 3132 mutantur
801 3071 833 3131 et
859 3070 1033 3144 transeunt,
1063 3067 1130 3130 sola
1153 3067 1209 3130 illa
1230 3066 1427 3133 inmutabilis
1447 3096 1473 3133 2⁵

285 3178 350 3238 stat
369 3195 493 3258 semper
510 3176 699 3241 substantia.
720 3179 776 3240 aut
793 3176 927 3240 fortasse
948 3179 979 3240 et
996 3175 1028 3239 in
1047 3176 1107 3240 hoc
1126 3174 1277 3257 mysterio
1297 3177 1428 3259 prophe·

283 3282 368 3345 tauit
385 3282 543 3345 Abraham
568 3282 730 3346 dominum
748 3283 866 3357 Iesum,
892 3281 975 3363 qnod
997 3301 1053 3363 per
1076 3281 1311 3361 susceptionem
1331 3282 1428 3346 domi·
1495 3282 1517 3334 F

284 3388 346 3452 nici
376 3389 514 3471 corporis
544 3392 575 3452 et
598 3389 858 3452 resurrectionem
882 3389 962 3452 tanti
986 3388 1160 3470 conplenda
1183 3388 1303 3452 oraculi
1327 3390 1427 3471 gratia

283 3495 372 3560 foret.
411 3495 520 3558 adorat
550 3495 648 3579 igitur
681 3514 742 3558 non
776 3495 968 3558 elementum
1000 3497 1110 3572 terrae,
1145 3494 1182 3557 de
1217 3514 1278 3576 quo
1307 3495 1426 3558 dictum

284 3607 347 3666 est:
382 3605 421 3664 et
449 3601 613 3666 adorate
642 3601 871 3666 scabellum
895 3601 994 3679 eius,
1020 3600 1208 3683 quoniam
1231 3603 1425 3666 sanctum.
1445 3628 1472 3668 ao

373 3820 405 3873 15
424 3818 503 3872 Philo
522 3819 607 3888 Legg.
628 3819 708 3888 alleg.
728 3819 822 3873 11177
842 3819 912 3885 (131,
933 3818 962 3881 8;
982 3818 996 3871 Ι
1016 3819 1076 3885 162,
1095 3819 1111 3872 6
1133 3818 1174 3886 0.)
1243 3819 1278 3872 20
1296 3817 1364 3873 Gen.
1384 3819 1426 3878 17,

284 3909 316 3960 17
336 3908 414 3961 Philo
435 3907 545 3972 Quaest.
564 3907 607 3960 III
626 3911 659 3963 55
710 3907 745 3962 30
762 3908 862 3961 Psalm.
881 3907 1070 3961 Lxxxxvnl
1089 3910 1104 3961 5

318 4051 334 4102 6
354 4047 485 4117 quaedam
505 4048 657 4102 inmortalis
676 4048 757 4102 PBG
829 4050 859 4102 11
880 4049 947 4102 haec
967 4051 1009 4101 est
1027 4047 1086 4100 OM
1157 4049 1190 4101 15
1208 4047 1386 4101 iocunditatis
1401 4046 1428 4098 P

283 4140 309 4200 (ο
330 4153 362 4190 cx
380 4141 408 4204 ul
428 4142 474 4190 cet.
532 4138 564 4190 16
585 4137 627 4189 cui
645 4137 672 4190 Β
744 4153 842 4190 nornen
856 4137 883 4189 P
900 4153 998 4190 nomen
1017 4139 1059 4189 est
1078 4142 1125 4190 oct.
1196 4136 1293 4192 melior
1307 4140 1353 4207 'est
1366 4134 1430 4189 DN

282 4226 316 4278 22
335 4224 486 4278 declararet
498 4225 632 4279 laetitiam
646 4224 713 4279 iusti
726 4225 779 4278 uiri
792 4225 820 4278 B
874 4226 908 4279 30
928 4228 1051 4278 sanctum
1066 4224 1121 4278 ΡΙ)
1134 4228 1258 4278 sanetum
1274 4228 1315 4278 est
1331 4225 1362 4278 T⁴
1377 4230 1423 4278 cet.
