3342 4920
476 299 518 354 De
538 297 674 352 Abraham
693 299 721 354 II
742 300 782 364 11,
802 300 907 355 80-82
946 301 970 367 (I
989 301 1042 356 348
1060 301 1171 357 F-349
1184 303 1228 372 E).
1357 308 1421 372 633

277 497 383 558 autem
418 494 568 560 infantiae
604 495 637 559 in
673 495 783 577 primis
822 495 984 579 uagitibus
1022 496 1204 562 circumcidi
1235 517 1338 562 mares
1371 500 1420 564 lex

276 602 374 679 iubet,
404 601 498 666 etiam
526 601 724 680 uernaculos‚
753 601 828 684 quia
855 603 939 668 sicut
966 603 1004 668 ab
1032 603 1164 668 infantia
1186 608 1352 688 peccatum
1374 605 1421 669 ita

276 709 314 772 ab
346 708 480 772 infantia
506 708 715 774 circumcisio,
748 709 872 774 nullum
900 714 1028 791 tempus
1056 730 1195 775 uacuum
1223 710 1318 776 debet
1349 730 1419 776 esse

274 816 405 894 tutelae,
430 814 504 898 quia
527 816 651 880 nullum
674 819 724 880 est
747 818 857 900 culpae
877 835 1026 882 uacuum.
1050 820 1083 881 et
1101 817 1204 882 infans
1222 818 1419 883 reuocandus
1443 831 1464 888 O

244 941 293 985 sa
316 925 445 1004 peccato
471 925 530 1001 est,
555 942 594 987 ne
616 921 779 988 idolatriae
802 924 964 1007 polluatur
991 925 1137 1008 contagio
1167 928 1199 989 et
1225 944 1263 988 ne
1291 924 1419 990 adorare

274 1029 444 1094 adsuescat
474 1029 596 1094 idolum
630 1033 662 1094 et
689 1030 863 1096 exosculari
891 1030 1106 1106 simulacrum,
1133 1031 1272 1114 parentis
1299 1031 1419 1096 uiolare

274 1135 394 1214 nidum,
426 1137 578 1220 pietatem
609 1137 745 1203 laedere.
776 1137 873 1202 simul
904 1157 943 1201 no
975 1138 1143 1220 quisquam
1174 1137 1311 1218 infletur,
1334 1138 1419 1222 quod

275 1240 336 1304 sibi
372 1241 478 1306 iustus
515 1242 671 1320 uideatur,
708 1243 821 1308 aetatis
859 1242 1039 1308 maturioris
1075 1263 1227 1324 processu
1260 1245 1418 1324 Abraham

275 1348 459 1413 circumcidi
494 1348 632 1414 iubetur.
670 1368 728 1414 nec
765 1369 858 1414 senex
895 1368 968 1434 ergo
1006 1350 1186 1434 proselytus
1223 1370 1280 1415 nec
1315 1351 1418 1416 infans

230 1481 255 1520 ιο
273 1455 463 1519 uernaculus
487 1456 649 1538 excipitur,
674 1456 748 1538 quia
771 1455 872 1521 omnis
893 1460 979 1520 aetas
997 1460 1126 1538 peccato
1147 1458 1280 1522 obnoxia
1298 1462 1330 1521 ct
1347 1458 1418 1522 ideo

274 1562 375 1625 omnis
400 1565 487 1626 aetas
511 1568 707 1627 sacramento
730 1563 853 1628 idonea.

183 1671 227 1734 82
318 1667 365 1732 llt
389 1668 467 1738 erit
489 1668 593 1750 inquit
616 1672 909 1734 testamentum
929 1669 1461 1736 mcumincarnoncstra.1)

272 1774 404 1840 forsitan
426 1777 581 1840 referatur
602 1776 663 1840 hoc
685 1776 770 1842 loco:
796 1775 963 1858 ‘quomodo
987 1775 1163 1857 spiritalem
1187 1776 1266 1840 dicis
1287 1777 1418 1841 circum-

273 1881 435 1960 cisionem,
452 1901 524 1946 cum
544 1883 707 1948 oraculum
726 1883 823 1948 dicat:
845 1883 905 1948 erit
921 1885 1148 1948 testamentum
1168 1882 1417 1948 circumcisionis

228 2013 254 2054 rs
271 1989 303 2052 irr
329 2007 418 2053 carne
443 1993 580 2054 uestrai‘
604 1991 694 2072 quasi
718 2009 792 2054 uero
817 1990 939 2054 animae
963 1990 1063 2054 solius
1089 1993 1121 2053 et
1143 2009 1204 2055 non
1232 1989 1416 2073 passionum

274 2097 412 2177 corporis
446 2096 588 2181 exigatur
622 2097 840 2178 temperantia.
873 2117 945 2162 nam
977 2101 1010 2160 et
1041 2097 1132 2161 uisus
1165 2100 1198 2161 et
1229 2096 1357 2160 auditus
1386 2100 1418 2160 ot

274 2202 379 2268 odoris
403 2206 437 2266 et
458 2206 573 2286 gustus
598 2208 630 2268 et
652 2207 757 2268 tactus
783 2208 814 2269 et
837 2205 925 2269 uocis
948 2204 1051 2286 ipsius
1075 2203 1237 2286 quaeritur
1264 2201 1417 2284 quaedam

273 2309 470 2388 castimonia,
503 2311 577 2392 quia
611 2314 643 2374 et
673 2311 764 2376 uisus
796 2311 956 2395 procacior
986 2311 1083 2376 habet
1113 2311 1240 2387 crimen,
1279 2313 1311 2374 et
1345 2308 1416 2374 ideo

272 2415 426 2497 scriptum
459 2419 523 2480 est:
557 2416 640 2481 noli
673 2417 887 2482 intendere
920 2417 1064 2481 fallaci
1095 2416 1261 2480 mulieri
1289 2435 1417 2498 neque

226 2522 448 2606 rooapiaris
482 2523 616 2588 oculis
650 2542 776 2604 neque
813 2523 1035 2605 abripiaris
1068 2522 1292 2606 palpebris,
1326 2526 1358 2587 et
1384 2522 1416 2586 in

270 2629 339 2711 ipso
373 2629 484 2693 auditu
519 2630 637 2694 crimen
671 2633 731 2706 est,
774 2630 801 2694 si
838 2629 971 2694 seducat
1006 2632 1038 2693 te
1070 2629 1217 2693 meretrix
1250 2633 1282 2693 et
1313 2629 1461 2696 multos]

271 2735 487 2800 blandimento
518 2737 672 2800 sermonis
702 2739 734 2800 et
756 2736 879 2817 laqueis
902 2736 1059 2800 labiorum
1085 2755 1215 2799 suorum
1238 2739 1269 2799 te
1294 2735 1415 2818 alliget,

262 2845 303 2906 'et
320 2842 351 2906 in
371 2842 441 2924 ipso
464 2846 552 2906 tactu
572 2843 690 2906 crimen
715 2854 773 2916 est,
798 2842 931 2924 ideoque
954 2842 1014 2906 tibi
1037 2841 1167 2906 dicitur:
1191 2860 1236 2905 ne
1259 2842 1415 2906 multus

271 2949 402 3013 lucris
432 2949 476 3012 ad
506 2949 680 3013 alienam
708 2967 835 3030 neque
869 2948 1124 3013 continueris
1159 2947 1415 3030 amplexibus

225 3081 252 3122 as
271 3074 344 3118 non
378 3059 495 3130 tuam,
530 3057 562 3119 et
589 3055 620 3118 in
648 3074 727 3119 uoce
752 3055 845 3136 culpa
868 3057 930 3130 est3
955 3055 1089 3136 laqueus
1113 3054 1196 3118 enim
1219 3055 1414 3120 fortissimus

271 3167 321 3225 est
343 3163 463 3228 homini
489 3181 546 3226 sua
569 3161 654 3225 labia
678 3164 710 3226 et
733 3161 901 3225 abducitur
928 3181 946 3225 a
973 3162 1066 3226 labiis
1100 3161 1150 3226 sui
1182 3161 1258 3227 oris.
1290 3164 1323 3226 et
1352 3163 1416 3225 mel

269 3269 374 3349 ipsum
399 3268 464 3332 noli
486 3269 623 3332 multum
648 3268 748 3343 edero,
772 3287 811 3331 ne
834 3286 955 3332 nomas.
978 3271 1103 3349 oportet
1126 3287 1200 3351 ergo
1220 3272 1256 3332 ut
1275 3268 1416 3332 omnium

270 3394 421 3440 sensuum
444 3378 538 3440 acrrta
561 3375 603 3438 sit
625 3373 809 3451 moderatio,
834 3393 872 3437 ne
896 3377 951 3437 aut
968 3374 1107 3456 impetus
1127 3374 1158 3437 in
1177 3374 1294 3438 uitium
1313 3375 1417 3437 trahat

361 3618 393 3669 12
414 3616 481 3670 Gen.
502 3617 543 3679 17,
560 3617 592 3670 13
612 3616 690 3669 Philo
715 3616 824 3682 Quaest.
848 3616 891 3670 ΙΙΙ
914 3617 947 3670 51
1035 3573 1220 3670 Ι19Ρτοιιετὶ).
1241 3619 1265 3681 5,
1285 3618 1315 3681 3;
1335 3618 1360 3679 6,
1381 3619 1415 3671 25

269 3706 304 3759 23
324 3706 452 3758 Prouerb.
472 3707 497 3768 5,
516 3705 551 3758 20
606 3706 639 3758 26
659 3705 788 3758 Prouerb.
807 3707 851 3767 25,
871 3707 904 3758 27

304 3859 322 3910 4
341 3872 456 3909 uacuum
476 3859 517 3908 est
537 3855 631 3924 culpae
650 3855 677 3908 B
749 3857 890 3908 reuocetur
910 3854 1006 3922 (andus
1025 3859 1071 3908 ca3
1089 3872 1110 3908 s.
1131 3858 1201 3919 atur)
1221 3857 1249 3908 P
1319 3857 1334 3910 'l
1354 3856 1414 3920 nitu

269 3946 343 4016 (dum
363 3949 410 3999 m3
428 3962 449 3999 s.
468 3945 509 4012 tp)
528 3944 556 3998 P
626 3945 642 3997 9
671 3944 822 4013 proselytus
840 3945 868 3996 P
885 3944 1030 4014 proselitus
1050 3950 1097 3998 cet.
1173 3946 1204 3998 17
1234 3945 1362 4000 odoratus
1380 3945 1418 3998 M

304 4035 385 4089 istius
403 4033 436 4088 N
450 4059 452 4066 r
506 4033 538 4087 18
567 4033 677 4101 crimen]
699 4031 839 4098 curamN
910 4033 942 4087 19
970 4033 1055 4086 nolite
1073 4033 1103 4086 D
1175 4033 1207 4086 21
1237 4039 1265 4087 te
1285 4051 1336 4088 om.
1355 4033 1418 4087 DN

270 4125 303 4177 23
322 4123 439 4193 ideoque
457 4121 545 4176 PCM
560 4123 621 4176 ideo
641 4128 688 4176 cet.
769 4123 802 4176 26
822 4125 864 4176 est
883 4138 934 4176 om.
952 4119 985 4174 N
1053 4122 1170 4176 hominis
1193 4121 1251 4177 cM
1325 4123 1359 4177 28
1379 4124 1416 4176 sit

268 4229 289 4266 s.
309 4229 336 4266 oc.
356 4216 404 4266 m3
421 4212 448 4264 P
