3322 4914
345 299 377 362 Π
550 286 555 292 ’
662 309 664 312 ·
807 294 1027 348 Ρ16616116.

345 511 418 556 611111
449 492 614 573 paululum
648 490 865 567 conticuisset,
899 491 1014 554 iterum
1048 510 1225 555 sermonem
1259 493 1391 556 adorsus
1424 492 1492 556 ait'.

345 599 427 662 unde
461 599 557 662 simul
596 597 759 680 colligitur
790 596 937 662 editionis
975 598 1070 662 huius
1109 599 1213 679 operis
1250 599 1491 662 fundamentum

345 705 445 770 fnisse
470 705 629 786 exemplar
652 724 669 766 a
693 704 825 779 notario,
850 704 904 786 qui
928 705 1058 768 recitata
1083 706 1200 768 cursim
1228 724 1283 787 per
1306 705 1495 789 compendia

346 814 520 892 exceperat,
554 810 743 873 confectum.
777 829 813 872 66
844 809 991 888 16116666,
1025 829 1098 874 cum
1131 811 1182 873 hic
1215 830 1285 874 mos
1319 829 1354 874 ea
1387 814 1492 874 aetate

332 918 489 1000 'uiguisse
527 916 680 991 uideatur,
714 916 794 979 aliae
833 934 956 998 quoque
989 917 1148 981 Ambrosii
1186 918 1342 982 orationes
1380 918 1493 982 eodem

345 1024 439 1088 111616
463 1024 579 1086 litteris
605 1022 808 1107 consignatae
833 1026 917 1087 sunt.
943 1023 1134 1088 describitur
1161 1027 1267 1089 autem
1292 1023 1492 1088 sermonibus

346 1131 360 1193 I
385 1130 470 1192 6111
495 1129 561 1192 dies
587 1129 755 1192 creationis
783 1129 893 1192 mundi
927 1130 1059 1210 primns
1088 1130 1286 1194 sermonibus
1314 1130 1379 1193 IIII
1408 1134 1440 1192 61
1463 1130 1493 1192 V

345 1236 469 1313 tertius,
498 1235 696 1299 sermonibus
725 1235 785 1299 VII
814 1239 845 1299 et
874 1229 1120 1316 VIII'quintus,
1149 1235 1348 1300 sermonibus
1375 1236 1423 1300 lII
1447 1236 1494 1300 VI

344 1342 438 1404 VIIII
461 1341 528 1404 dies
562 1343 640 1405 alter
664 1347 796 1423 quartus
827 1345 945 1406 sentus.
976 1360 1071 1423 quam
1095 1342 1134 1405 ob
1163 1361 1229 1404 rem
1254 1343 1452 1406 sermonibus
1477 1343 1494 1406 I

346 1451 377 1511 et
400 1449 441 1526 II,
466 1449 529 1512 IIIl
553 1459 584 1512 et
607 1448 645 1526 V,
675 1448 735 1511 VII
764 1451 797 1511 et
824 1448 901 1511 VIII
929 1449 1011 1512 inter
1040 1467 1074 1512 se
1104 1449 1280 1511 coniunctis
1309 1467 1363 1512 sex
1390 1449 1492 1514 totins

346 1556 448 1636 operis
473 1556 630 1619 sectiones
654 1556 783 1618 effectae
808 1559 881 1618 sunt
904 1555 1063 1618 indicibus
1082 1556 1202 1619 talibus
1223 1556 1325 1636 qualis
1346 1557 1395 1618 est
1411 1556 1492 1620 ‘dies

345 1663 477 1744 primus‘
500 1661 695 1726 instructae.
729 1661 786 1725 has
819 1661 919 1746 igitur·
956 1662 1111 1726 sectiones
1149 1661 1212 1726 iam
1246 1661 1453 1726 Cassiodorus
1466 1662 1492 1746 ¹)

344 1768 497 1832 librorum
522 1768 647 1832 nomine
672 1767 875 1850 significauit,
896 1769 926 1832 in
947 1767 1109 1832 codicibus
1130 1771 1235 1830 auteur
1260 1769 1492 1850 antiquioribus

346 1893 470 1956 semper
494 1894 530 1938 ea
554 1893 647 1956 quam
673 1873 809 1938 diximus
833 1873 947 1937 indicis
971 1874 1071 1937 forrna
1098 1873 1226 1956 legitur,
1251 1873 1305 1936 illa
1329 1892 1404 1936 uero
1430 1893 1495 1954 qua

345 1980 418 2044 libri
441 1979 622 2043 indicantur
644 1980 675 2043 in
701 1979 862 2044 codicibus
888 1979 1014 2042 demum
1032 1979 1158 2044 saeculo
1178 1979 1343 2042 undecimo
1364 1979 1493 2062 scriptis

344 2088 509 2170 reperitur.
544 2107 615 2151 cum
648 2088 799 2150 Eramero
833 2087 969 2167 quodam
1002 2086 1096 2150 modo
1130 2087 1311 2168 conspirant
1342 2087 1415 2149 libri
1454 2087 1493 2150 de

345 2196 427 2258 bono
457 2195 579 2271 mortis,
605 2194 642 2257 de
672 2193 748 2276 fuga
776 2193 906 2269 saeculi,
932 2193 968 2256 de
997 2192 1144 2274 apologia
1172 2191 1286 2267 Dauid,
1314 2193 1345 2256 in
1375 2192 1493 2274 quibus

346 2304 430 2364 certe
461 2301 581 2364 ultimis
610 2300 684 2363 talis
715 2301 802 2381 quali
832 2318 991 2362 sermones
1020 2298 1125 2362 claudi
1155 2298 1298 2363 solebant
1326 2298 1495 2381 doxologia

347 2410 440 2470 extat.
467 2407 544 2470 adde
570 2406 654 2487 quod
677 2407 708 2469 in
734 2405 887 2488 opusculo
913 2405 950 2468 de
973 2405 1227 2488 interpellatione
1250 2405 1307 2468 Iob
1332 2409 1364 2468 et
1387 2405 1494 2469 Dauid

346 2517 378 2576 et
402 2512 481 2575 alter
506 2515 537 2575 et
561 2516 691 2593 quartus
716 2530 818 2576 sermo
832 2510 857 2597 ²)
882 2510 1037 2574 eiusmodi
1058 2511 1204 2574 sollemni
1223 2511 1401 2592 precatione
1421 2531 1495 2576 con-

346 2619 526 2682 cluduntur.
543 2618 574 2680 in
591 2618 703 2682 ceteris
720 2622 826 2681 autem
844 2637 923 2699 quos
940 2617 1075 2700 primum
1094 2621 1125 2680 et
1141 2617 1274 2681 alterum
1290 2617 1385 2681 huius
1402 2618 1494 2682 editi-

346 2727 414 2790 onis
434 2726 583 2788 uolumen
599 2724 821 2807 complectitur
835 2724 925 2788 libris
940 2724 1027 2787 nullo
1044 2723 1113 2788 loco
1134 2724 1349 2787 clausularum
1365 2725 1494 2790 illarum

345 2832 518 2914 uestigium
542 2832 686 2895 relictum
708 2834 766 2894 est.
787 2850 882 2912 quam
902 2830 941 2894 ob
961 2829 1084 2894 remed
1104 2831 1181 2893 116116
1203 2832 1420 2912 quaestionem
1444 2851 1495 2896 ex—

345 2937 525 3021 plicandam
554 2938 625 3002 aliis
655 2938 744 3001 nobis
773 2937 927 3002 utendum
952 2940 1001 3002 est
1024 2937 1228 3020 argumentis
1254 2955 1289 3000 ac
1313 2937 1494 3000 rectissime

346 3045 483 3108 Maurini
506 3044 582 3125 (nol.
608 3045 623 3108 Ι
645 3064 676 3127 p.
701 3043 780 3128 281)
805 3047 986 3107 statuerunt
1008 3043 1161 3106 librorum
1186 3043 1404 3107 delibratam
1430 3045 1495 3124 pri-

347 3170 431 3215 orem
468 3171 504 3214 ex
536 3151 734 3214 sermonibus
768 3150 808 3213 ad
841 3150 1095 3228 catechumenos,
1131 3149 1185 3231 qui
1215 3150 1278 3214 iam
1311 3169 1424 3214 nomen
1454 3153 1496 3215 ad

346 3258 540 3340 baptismum
566 3257 728 3320 dedissent
753 3259 785 3319 et
807 3259 1023 3336 competentes
1044 3259 1160 3331 essent,
1181 3256 1297 3320 habitis
1322 3257 1495 3321 conflatum

347 3382 428 3427 6666.
458 3382 520 3445 qua
548 3361 585 3425 16
612 3381 645 3424 16
675 3361 816 3424 conferas
846 3380 882 3424 ea
911 3380 990 3442 quae
1013 3363 1162 3444 leguntur
1186 3363 1261 3436 540,
1291 3363 1332 3424 22
1361 3364 1425 3442 ‘qui
1455 3365 1497 3426 ad

346 3469 479 3552 gratiam
502 3467 704 3550 baptismatis
728 3467 869 3530 tenditis’
893 3485 965 3530 cum
989 3467 1034 3531 eis
1060 3485 1139 3548 quae
1164 3467 1239 3543 560,
1264 3469 1283 3530 5
1309 3468 1394 3531 dicta
1419 3477 1498 3534 sunt

346 3578 435 3657 ‘quae
461 3577 498 3640 ad
524 3575 656 3661 gratiam
682 3574 800 3639 domini
823 3574 976 3638 tenditis'.
1002 3576 1083 3638 unde
1111 3594 1183 3638 cum
1208 3593 1323 3657 magna
1349 3575 1496 3656 prolecto

391 3835 412 3902 1>
430 3836 497 3890 11161.
518 3835 602 3888 1111111.
621 3835 674 3887 litt.
696 3837 708 3888 1
730 3833 836 3888 ‘deinde
855 3834 1149 3897 66116111611111111661116,
1172 3839 1203 3888 ut
1227 3839 1269 3888 est
1291 3836 1387 3904 planus
1412 3839 1499 3906 atque

346 3925 521 3980 suauissimus
550 3924 651 3986 doctor,
679 3923 773 3976 6111116
800 3941 845 3976 661
871 3924 955 3978 libros
982 3924 1153 3992 eloquentiae
1179 3941 1242 3977 suae
1268 3940 1341 3976 more
1368 3925 1498 3992 confecit,

347 4030 413 4082 quos
432 4013 614 4066 Hexaemeron
634 4013 799 4081 appellauit'.

391 4103 412 4168 2)
432 4101 455 4154 si
474 4101 538 4154 ordo
559 4101 729 4156 aParisiaco
751 4101 818 4154 1732
838 4101 1039 4156 commendatus
1059 4101 1201 4170 probatur:
1218 4101 1265 4154 sed
1285 4101 1308 4153 61
1323 4101 1500 4160 1)116661166111

346 4189 491 4258 sequimur,
511 4206 596 4242 sermo
615 4191 712 4244 tertius
732 4193 760 4243 et
779 4195 898 4260 quartus.
