<?xml version="1.0" encoding="UTF-8"?>
<!DOCTYPE html PUBLIC "-//W3C//DTD XHTML 1.0 Transitional//EN"
    "http://www.w3.org/TR/xhtml1/DTD/xhtml1-transitional.dtd">
<html xmlns="http://www.w3.org/1999/xhtml" xml:lang="en" lang="en">
 <head>
  <title>
</title>
<meta http-equiv="Content-Type" content="text/html;charset=utf-8" />
  <meta name='ocr-system' content='tesseract 3.04.00' />
  <meta name='ocr-capabilities' content='ocr_page ocr_carea ocr_par ocr_line ocrx_word'/>
</head>
<body>
  <div class='ocr_page' id='page_1' title='image "./sanctiambrosiio05petsgoog_0090.png"; bbox 0 0 3322 4932; ppageno 0'>
   <div class='ocr_carea' id='block_1_1' title="bbox 673 373 1354 447">
    <p class='ocr_par' dir='ltr' id='par_1_1' title="bbox 673 373 1354 447">
     <span class='ocr_line' id='line_1_1' title="bbox 673 373 1354 447; baseline -0.006 -15"><span class='ocrx_word' id='word_1_1' title='bbox 673 373 891 432; x_wconf 85' lang='lat' dir='ltr'>Praefatio.</span> <span class='ocrx_word' id='word_1_2' title='bbox 1223 377 1354 447; x_wconf 75' lang='lat' dir='ltr'>LXXXI</span> 
     </span>
    </p>
   </div>
   <div class='ocr_carea' id='block_1_2' title="bbox 121 568 1431 4076">
    <p class='ocr_par' dir='ltr' id='par_1_2' title="bbox 121 568 1431 4076">
     <span class='ocr_line' id='line_1_2' title="bbox 207 568 1352 655; baseline 0.003 -20"><span class='ocrx_word' id='word_1_3' title='bbox 207 568 338 636; x_wconf 90' lang='lat' dir='ltr'>ficandis</span> <span class='ocrx_word' id='word_1_4' title='bbox 363 571 605 654; x_wconf 87' lang='lat' dir='ltr'>adquieuerunt,</span> <span class='ocrx_word' id='word_1_5' title='bbox 625 591 703 652; x_wconf 88' lang='lat' dir='ltr'>quos</span> <span class='ocrx_word' id='word_1_6' title='bbox 722 571 776 636; x_wconf 92' lang='lat' dir='ltr'>ille</span> <span class='ocrx_word' id='word_1_7' title='bbox 796 575 851 635; x_wconf 90' lang='lat' dir='ltr'>ant</span> <span class='ocrx_word' id='word_1_8' title='bbox 871 571 1067 655; x_wconf 88' lang='lat' dir='ltr'>singulorum</span> <span class='ocrx_word' id='word_1_9' title='bbox 1087 572 1251 652; x_wconf 90' lang='lat' dir='ltr'>librorum,</span> <span class='ocrx_word' id='word_1_10' title='bbox 1271 575 1352 638; x_wconf 91' lang='lat' dir='ltr'>unde</span> 
     </span>
     <span class='ocr_line' id='line_1_3' title="bbox 208 677 1352 762; baseline 0.002 -21"><span class='ocrx_word' id='word_1_11' title='bbox 208 677 455 762; x_wconf 80' lang='lat' dir='ltr'>deprompserat,</span> <span class='ocrx_word' id='word_1_12' title='bbox 481 677 661 742; x_wconf 89' lang='lat' dir='ltr'>nominibus</span> <span class='ocrx_word' id='word_1_13' title='bbox 690 678 822 743; x_wconf 91' lang='lat' dir='ltr'>adiectis</span> <span class='ocrx_word' id='word_1_14' title='bbox 852 681 908 742; x_wconf 90' lang='lat' dir='ltr'>aut</span> <span class='ocrx_word' id='word_1_15' title='bbox 929 678 960 741; x_wconf 93' lang='lat' dir='ltr'>in</span> <span class='ocrx_word' id='word_1_16' title='bbox 984 678 1170 743; x_wconf 87' lang='lat' dir='ltr'>uniuersum</span> <span class='ocrx_word' id='word_1_17' title='bbox 1196 680 1352 744; x_wconf 92' lang='lat' dir='ltr'>eiusmodi</span> 
     </span>
     <span class='ocr_line' id='line_1_4' title="bbox 207 784 1352 868; baseline 0.001 -19"><span class='ocrx_word' id='word_1_18' title='bbox 207 785 314 849; x_wconf 90' lang='lat' dir='ltr'>uerbis</span> <span class='ocrx_word' id='word_1_19' title='bbox 346 786 439 850; x_wconf 87' lang='lat' dir='ltr'>uelut</span> <span class='ocrx_word' id='word_1_20' title='bbox 471 785 526 849; x_wconf 90' lang='lat' dir='ltr'>‘ait</span> <span class='ocrx_word' id='word_1_21' title='bbox 554 785 710 867; x_wconf 90' lang='lat' dir='ltr'>scriptura</span> <span class='ocrx_word' id='word_1_22' title='bbox 739 784 858 849; x_wconf 81' lang='lat' dir='ltr'>diuina’</span> <span class='ocrx_word' id='word_1_23' title='bbox 884 785 938 848; x_wconf 90' lang='lat' dir='ltr'>uel</span> <span class='ocrx_word' id='word_1_24' title='bbox 965 785 1029 862; x_wconf 77' lang='lat' dir='ltr'>‘ait</span> <span class='ocrx_word' id='word_1_25' title='bbox 1057 785 1171 868; x_wconf 88' lang='lat' dir='ltr'>inquit‘</span> <span class='ocrx_word' id='word_1_26' title='bbox 1199 786 1352 868; x_wconf 81' lang='lat' dir='ltr'><strong>adpositis</strong></span> 
     </span>
     <span class='ocr_line' id='line_1_5' title="bbox 208 891 1352 974; baseline 0 -18"><span class='ocrx_word' id='word_1_27' title='bbox 208 893 338 968; x_wconf 89' lang='lat' dir='ltr'>adtulit;</span> <span class='ocrx_word' id='word_1_28' title='bbox 374 895 506 970; x_wconf 90' lang='lat' dir='ltr'>ceteros,</span> <span class='ocrx_word' id='word_1_29' title='bbox 533 892 586 974; x_wconf 93' lang='lat' dir='ltr'>qni</span> <span class='ocrx_word' id='word_1_30' title='bbox 610 891 693 974; x_wconf 90' lang='lat' dir='ltr'>apud</span> <span class='ocrx_word' id='word_1_31' title='bbox 718 911 790 958; x_wconf 91' lang='lat' dir='ltr'>eum</span> <span class='ocrx_word' id='word_1_32' title='bbox 815 891 950 956; x_wconf 89' lang='lat' dir='ltr'>crationi</span> <span class='ocrx_word' id='word_1_33' title='bbox 972 891 1083 956; x_wconf 78' lang='lat' dir='ltr'>intexti</span> <span class='ocrx_word' id='word_1_34' title='bbox 1107 911 1142 956; x_wconf 89' lang='lat' dir='ltr'>ac</span> <span class='ocrx_word' id='word_1_35' title='bbox 1166 893 1352 974; x_wconf 88' lang='lat' dir='ltr'>plerumque</span> 
     </span>
     <span class='ocr_line' id='line_1_6' title="bbox 206 999 1352 1083; baseline 0.001 -20"><span class='ocrx_word' id='word_1_36' title='bbox 206 1000 327 1081; x_wconf 89' lang='lat' dir='ltr'>passim</span> <span class='ocrx_word' id='word_1_37' title='bbox 346 999 506 1063; x_wconf 90' lang='lat' dir='ltr'>immutati</span> <span class='ocrx_word' id='word_1_38' title='bbox 524 999 684 1082; x_wconf 89' lang='lat' dir='ltr'>leguntur,</span> <span class='ocrx_word' id='word_1_39' title='bbox 699 1018 768 1063; x_wconf 91' lang='lat' dir='ltr'>raro</span> <span class='ocrx_word' id='word_1_40' title='bbox 788 1002 1002 1082; x_wconf 89' lang='lat' dir='ltr'>respexerunt.</span> <span class='ocrx_word' id='word_1_41' title='bbox 1028 1019 1106 1081; x_wconf 91' lang='lat' dir='ltr'>quae</span> <span class='ocrx_word' id='word_1_42' title='bbox 1125 1019 1174 1064; x_wconf 88' lang='lat' dir='ltr'>res</span> <span class='ocrx_word' id='word_1_43' title='bbox 1195 1019 1230 1065; x_wconf 87' lang='lat' dir='ltr'>eo</span> <span class='ocrx_word' id='word_1_44' title='bbox 1249 1000 1352 1083; x_wconf 91' lang='lat' dir='ltr'>magis</span> 
     </span>
     <span class='ocr_line' id='line_1_7' title="bbox 206 1106 1353 1189; baseline 0.002 -21"><span class='ocrx_word' id='word_1_45' title='bbox 206 1108 286 1171; x_wconf 90' lang='lat' dir='ltr'>mira</span> <span class='ocrx_word' id='word_1_46' title='bbox 304 1107 441 1185; x_wconf 87' lang='lat' dir='ltr'>uidetur,</span> <span class='ocrx_word' id='word_1_47' title='bbox 463 1125 524 1189; x_wconf 94' lang='lat' dir='ltr'>quo</span> <span class='ocrx_word' id='word_1_48' title='bbox 543 1106 670 1170; x_wconf 79' lang='lat' dir='ltr'><strong>facilius</strong></span> <span class='ocrx_word' id='word_1_49' title='bbox 693 1106 813 1187; x_wconf 91' lang='lat' dir='ltr'>aliquot</span> <span class='ocrx_word' id='word_1_50' title='bbox 833 1106 989 1170; x_wconf 91' lang='lat' dir='ltr'>eiusmodi</span> <span class='ocrx_word' id='word_1_51' title='bbox 1008 1107 1163 1186; x_wconf 90' lang='lat' dir='ltr'>locorum,</span> <span class='ocrx_word' id='word_1_52' title='bbox 1187 1126 1266 1188; x_wconf 92' lang='lat' dir='ltr'>quos</span> <span class='ocrx_word' id='word_1_53' title='bbox 1290 1106 1353 1188; x_wconf 92' lang='lat' dir='ltr'>ipsi</span> 
     </span>
     <span class='ocr_line' id='line_1_8' title="bbox 206 1211 1352 1296; baseline 0 -19"><span class='ocrx_word' id='word_1_54' title='bbox 206 1215 416 1296; x_wconf 82' lang='lat' dir='ltr'>neglexerant,</span> <span class='ocrx_word' id='word_1_55' title='bbox 442 1213 587 1278; x_wconf 83' lang='lat' dir='ltr'>notitiam</span> <span class='ocrx_word' id='word_1_56' title='bbox 618 1232 652 1278; x_wconf 88' lang='lat' dir='ltr'>ex</span> <span class='ocrx_word' id='word_1_57' title='bbox 680 1213 830 1277; x_wconf 89' lang='lat' dir='ltr'>indiculis</span> <span class='ocrx_word' id='word_1_58' title='bbox 859 1213 1056 1296; x_wconf 84' lang='lat' dir='ltr'>marginibus</span> <span class='ocrx_word' id='word_1_59' title='bbox 1081 1213 1228 1278; x_wconf 79' lang='lat' dir='ltr'>editionis</span> <span class='ocrx_word' id='word_1_60' title='bbox 1254 1211 1352 1278; x_wconf 83' lang='lat' dir='ltr'>Gillo·</span> 
     </span>
     <span class='ocr_line' id='line_1_9' title="bbox 206 1319 1352 1402; baseline -0.002 -18"><span class='ocrx_word' id='word_1_61' title='bbox 206 1320 310 1385; x_wconf 91' lang='lat' dir='ltr'>tianae</span> <span class='ocrx_word' id='word_1_62' title='bbox 335 1324 367 1386; x_wconf 92' lang='lat' dir='ltr'>et</span> <span class='ocrx_word' id='word_1_63' title='bbox 384 1322 544 1385; x_wconf 84' lang='lat' dir='ltr'>Romanae</span> <span class='ocrx_word' id='word_1_64' title='bbox 568 1319 737 1401; x_wconf 85' lang='lat' dir='ltr'>adscriptis</span> <span class='ocrx_word' id='word_1_65' title='bbox 762 1319 824 1384; x_wconf 92' lang='lat' dir='ltr'>sibi</span> <span class='ocrx_word' id='word_1_66' title='bbox 844 1338 1023 1401; x_wconf 88' lang='lat' dir='ltr'>comparare</span> <span class='ocrx_word' id='word_1_67' title='bbox 1042 1319 1232 1402; x_wconf 86' lang='lat' dir='ltr'>potuissent.</span> <span class='ocrx_word' id='word_1_68' title='bbox 1258 1338 1352 1402; x_wconf 91' lang='lat' dir='ltr'>quarn</span> 
     </span>
     <span class='ocr_line' id='line_1_10' title="bbox 207 1427 1350 1510; baseline -0.002 -17"><span class='ocrx_word' id='word_1_69' title='bbox 207 1428 246 1493; x_wconf 94' lang='lat' dir='ltr'>ob</span> <span class='ocrx_word' id='word_1_70' title='bbox 271 1448 337 1493; x_wconf 91' lang='lat' dir='ltr'>rem</span> <span class='ocrx_word' id='word_1_71' title='bbox 362 1428 412 1492; x_wconf 89' lang='lat' dir='ltr'>his</span> <span class='ocrx_word' id='word_1_72' title='bbox 435 1427 526 1492; x_wconf 92' lang='lat' dir='ltr'>libris</span> <span class='ocrx_word' id='word_1_73' title='bbox 550 1427 658 1509; x_wconf 89' lang='lat' dir='ltr'>eisque</span> <span class='ocrx_word' id='word_1_74' title='bbox 683 1427 737 1509; x_wconf 92' lang='lat' dir='ltr'>qui</span> <span class='ocrx_word' id='word_1_75' title='bbox 761 1447 778 1490; x_wconf 91' lang='lat' dir='ltr'>a</span> <span class='ocrx_word' id='word_1_76' title='bbox 801 1427 960 1510; x_wconf 91' lang='lat' dir='ltr'>theologis</span> <span class='ocrx_word' id='word_1_77' title='bbox 981 1427 1220 1493; x_wconf 79' lang='lat' dir='ltr'>concordantiae</span> <span class='ocrx_word' id='word_1_78' title='bbox 1239 1427 1350 1492; x_wconf 91' lang='lat' dir='ltr'>biblio·</span> 
     </span>
     <span class='ocr_line' id='line_1_11' title="bbox 207 1533 1352 1619; baseline 0 -21"><span class='ocrx_word' id='word_1_79' title='bbox 207 1555 277 1598; x_wconf 88' lang='lat' dir='ltr'>rum</span> <span class='ocrx_word' id='word_1_80' title='bbox 302 1554 462 1600; x_wconf 86' lang='lat' dir='ltr'>sacrorum</span> <span class='ocrx_word' id='word_1_81' title='bbox 484 1539 640 1600; x_wconf 90' lang='lat' dir='ltr'>uocantur</span> <span class='ocrx_word' id='word_1_82' title='bbox 662 1533 830 1618; x_wconf 86' lang='lat' dir='ltr'>diligenter</span> <span class='ocrx_word' id='word_1_83' title='bbox 853 1535 1005 1599; x_wconf 88' lang='lat' dir='ltr'>adhibitis</span> <span class='ocrx_word' id='word_1_84' title='bbox 1024 1535 1167 1619; x_wconf 90' lang='lat' dir='ltr'>ipsisque</span> <span class='ocrx_word' id='word_1_85' title='bbox 1187 1535 1352 1617; x_wconf 92' lang='lat' dir='ltr'>scripturis</span> 
     </span>
     <span class='ocr_line' id='line_1_12' title="bbox 208 1642 1352 1726; baseline 0 -20"><span class='ocrx_word' id='word_1_86' title='bbox 208 1642 306 1706; x_wconf 92' lang='lat' dir='ltr'>sacris</span> <span class='ocrx_word' id='word_1_87' title='bbox 334 1642 450 1706; x_wconf 90' lang='lat' dir='ltr'>iterum</span> <span class='ocrx_word' id='word_1_88' title='bbox 477 1642 656 1723; x_wconf 85' lang='lat' dir='ltr'>iterumque</span> <span class='ocrx_word' id='word_1_89' title='bbox 686 1642 824 1706; x_wconf 90' lang='lat' dir='ltr'>euolutis</span> <span class='ocrx_word' id='word_1_90' title='bbox 852 1662 1001 1726; x_wconf 90' lang='lat' dir='ltr'>magnam</span> <span class='ocrx_word' id='word_1_91' title='bbox 1030 1661 1135 1707; x_wconf 89' lang='lat' dir='ltr'>curam</span> <span class='ocrx_word' id='word_1_92' title='bbox 1164 1661 1352 1723; x_wconf 87' lang='lat' dir='ltr'>operamque</span> 
     </span>
     <span class='ocr_line' id='line_1_13' title="bbox 206 1747 1354 1831; baseline 0.003 -21"><span class='ocrx_word' id='word_1_93' title='bbox 206 1748 238 1811; x_wconf 93' lang='lat' dir='ltr'>in</span> <span class='ocrx_word' id='word_1_94' title='bbox 266 1749 385 1812; x_wconf 90' lang='lat' dir='ltr'>talibus</span> <span class='ocrx_word' id='word_1_95' title='bbox 412 1749 503 1828; x_wconf 90' lang='lat' dir='ltr'>locis,</span> <span class='ocrx_word' id='word_1_96' title='bbox 529 1768 609 1831; x_wconf 92' lang='lat' dir='ltr'>quos</span> <span class='ocrx_word' id='word_1_97' title='bbox 632 1747 820 1813; x_wconf 86' lang='lat' dir='ltr'>Ambrosius</span> <span class='ocrx_word' id='word_1_98' title='bbox 852 1748 969 1812; x_wconf 89' lang='lat' dir='ltr'>autad</span> <span class='ocrx_word' id='word_1_99' title='bbox 993 1749 1124 1813; x_wconf 86' lang='lat' dir='ltr'>uerbum</span> <span class='ocrx_word' id='word_1_100' title='bbox 1148 1748 1275 1812; x_wconf 89' lang='lat' dir='ltr'>rettulit</span> <span class='ocrx_word' id='word_1_101' title='bbox 1298 1751 1354 1813; x_wconf 90' lang='lat' dir='ltr'>aut</span> 
     </span>
     <span class='ocr_line' id='line_1_14' title="bbox 206 1854 1351 1939; baseline -0.002 -19"><span class='ocrx_word' id='word_1_102' title='bbox 206 1859 329 1920; x_wconf 88' lang='lat' dir='ltr'>tantum</span> <span class='ocrx_word' id='word_1_103' title='bbox 355 1854 558 1939; x_wconf 83' lang='lat' dir='ltr'>significauit,</span> <span class='ocrx_word' id='word_1_104' title='bbox 582 1854 757 1919; x_wconf 90' lang='lat' dir='ltr'>indicandis</span> <span class='ocrx_word' id='word_1_105' title='bbox 782 1855 974 1936; x_wconf 89' lang='lat' dir='ltr'>consumpsi.</span> <span class='ocrx_word' id='word_1_106' title='bbox 1011 1873 1072 1936; x_wconf 90' lang='lat' dir='ltr'>quo</span> <span class='ocrx_word' id='word_1_107' title='bbox 1099 1855 1132 1918; x_wconf 91' lang='lat' dir='ltr'>in</span> <span class='ocrx_word' id='word_1_108' title='bbox 1160 1855 1288 1938; x_wconf 86' lang='lat' dir='ltr'>negotio</span> <span class='ocrx_word' id='word_1_109' title='bbox 1313 1855 1351 1918; x_wconf 91' lang='lat' dir='ltr'>de</span> 
     </span>
     <span class='ocr_line' id='line_1_15' title="bbox 205 1960 1351 2046; baseline 0.001 -22"><span class='ocrx_word' id='word_1_110' title='bbox 205 1962 285 2026; x_wconf 91' lang='lat' dir='ltr'>locis</span> <span class='ocrx_word' id='word_1_111' title='bbox 310 1961 500 2044; x_wconf 90' lang='lat' dir='ltr'>quibusdam</span> <span class='ocrx_word' id='word_1_112' title='bbox 525 1961 722 2026; x_wconf 89' lang='lat' dir='ltr'>dubitantem</span> <span class='ocrx_word' id='word_1_113' title='bbox 749 1960 880 2026; x_wconf 90' lang='lat' dir='ltr'>consilio</span> <span class='ocrx_word' id='word_1_114' title='bbox 905 1981 955 2025; x_wconf 91' lang='lat' dir='ltr'>me</span> <span class='ocrx_word' id='word_1_115' title='bbox 979 1961 1105 2026; x_wconf 89' lang='lat' dir='ltr'>adiuuit</span> <span class='ocrx_word' id='word_1_116' title='bbox 1127 1962 1249 2046; x_wconf 85' lang='lat' dir='ltr'>collega</span> <span class='ocrx_word' id='word_1_117' title='bbox 1266 1962 1351 2025; x_wconf 91' lang='lat' dir='ltr'>litte-</span> 
     </span>
     <span class='ocr_line' id='line_1_16' title="bbox 206 2067 1351 2152; baseline 0.002 -22"><span class='ocrx_word' id='word_1_118' title='bbox 206 2088 311 2132; x_wconf 89' lang='lat' dir='ltr'>rarum</span> <span class='ocrx_word' id='word_1_119' title='bbox 332 2088 490 2133; x_wconf 91' lang='lat' dir='ltr'>sacrarum</span> <span class='ocrx_word' id='word_1_120' title='bbox 510 2068 724 2152; x_wconf 91' lang='lat' dir='ltr'>peritissimus</span> <span class='ocrx_word' id='word_1_121' title='bbox 750 2067 787 2133; x_wconf 82' lang='lat' dir='ltr'>G.</span> <span class='ocrx_word' id='word_1_122' title='bbox 813 2069 1002 2132; x_wconf 85' lang='lat' dir='ltr'>Loesche.</span> <span class='ocrx_word' id='word_1_123' title='bbox 1028 2068 1134 2132; x_wconf 90' lang='lat' dir='ltr'>sedin</span> <span class='ocrx_word' id='word_1_124' title='bbox 1154 2069 1351 2132; x_wconf 89' lang='lat' dir='ltr'>tantatesti·</span> 
     </span>
     <span class='ocr_line' id='line_1_17' title="bbox 205 2163 1351 2260; baseline -0.001 -21"><span class='ocrx_word' id='word_1_125' title='bbox 205 2177 383 2240; x_wconf 91' lang='lat' dir='ltr'>moniorum</span> <span class='ocrx_word' id='word_1_126' title='bbox 408 2177 499 2260; x_wconf 90' lang='lat' dir='ltr'>copia</span> <span class='ocrx_word' id='word_1_127' title='bbox 522 2178 616 2260; x_wconf 89' lang='lat' dir='ltr'>atque</span> <span class='ocrx_word' id='word_1_128' title='bbox 635 2177 779 2240; x_wconf 84' lang='lat' dir='ltr'>ubertate</span> <span class='ocrx_word' id='word_1_129' title='bbox 798 2163 883 2239; x_wconf 85' lang='lat' dir='ltr'>baud</span> <span class='ocrx_word' id='word_1_130' title='bbox 902 2175 994 2239; x_wconf 84' lang='lat' dir='ltr'>facile</span> <span class='ocrx_word' id='word_1_131' title='bbox 1014 2175 1201 2239; x_wconf 87' lang='lat' dir='ltr'>contendere</span> <span class='ocrx_word' id='word_1_132' title='bbox 1221 2176 1351 2239; x_wconf 86' lang='lat' dir='ltr'>audebis</span> 
     </span>
     <span class='ocr_line' id='line_1_18' title="bbox 205 2281 1351 2367; baseline 0 -21"><span class='ocrx_word' id='word_1_133' title='bbox 205 2288 237 2347; x_wconf 88' lang='lat' dir='ltr'>te</span> <span class='ocrx_word' id='word_1_134' title='bbox 262 2284 367 2349; x_wconf 89' lang='lat' dir='ltr'>omnia</span> <span class='ocrx_word' id='word_1_135' title='bbox 390 2284 601 2367; x_wconf 89' lang='lat' dir='ltr'>indagauisse.</span> <span class='ocrx_word' id='word_1_136' title='bbox 627 2302 662 2347; x_wconf 91' lang='lat' dir='ltr'>ac</span> <span class='ocrx_word' id='word_1_137' title='bbox 686 2283 753 2347; x_wconf 89' lang='lat' dir='ltr'>lieri</span> <span class='ocrx_word' id='word_1_138' title='bbox 777 2301 851 2347; x_wconf 90' lang='lat' dir='ltr'>sane</span> <span class='ocrx_word' id='word_1_139' title='bbox 875 2285 982 2366; x_wconf 90' lang='lat' dir='ltr'>potest</span> <span class='ocrx_word' id='word_1_140' title='bbox 1005 2286 1050 2358; x_wconf 89' lang='lat' dir='ltr'>ut,</span> <span class='ocrx_word' id='word_1_141' title='bbox 1072 2281 1146 2346; x_wconf 91' lang='lat' dir='ltr'>dum</span> <span class='ocrx_word' id='word_1_142' title='bbox 1171 2281 1265 2346; x_wconf 90' lang='lat' dir='ltr'>unius</span> <span class='ocrx_word' id='word_1_143' title='bbox 1289 2282 1351 2346; x_wconf 91' lang='lat' dir='ltr'>loci</span> 
     </span>
     <span class='ocr_line' id='line_1_19' title="bbox 207 2389 1350 2475; baseline -0.002 -21"><span class='ocrx_word' id='word_1_144' title='bbox 207 2392 362 2475; x_wconf 90' lang='lat' dir='ltr'>originem</span> <span class='ocrx_word' id='word_1_145' title='bbox 384 2393 416 2455; x_wconf 89' lang='lat' dir='ltr'>te</span> <span class='ocrx_word' id='word_1_146' title='bbox 441 2390 653 2473; x_wconf 87' lang='lat' dir='ltr'>explorauisse</span> <span class='ocrx_word' id='word_1_147' title='bbox 676 2390 814 2468; x_wconf 89' lang='lat' dir='ltr'>laetaris,</span> <span class='ocrx_word' id='word_1_148' title='bbox 834 2409 904 2454; x_wconf 87' lang='lat' dir='ltr'>mox</span> <span class='ocrx_word' id='word_1_149' title='bbox 925 2390 1004 2454; x_wconf 90' lang='lat' dir='ltr'>alter</span> <span class='ocrx_word' id='word_1_150' title='bbox 1022 2389 1137 2453; x_wconf 90' lang='lat' dir='ltr'>mentis</span> <span class='ocrx_word' id='word_1_151' title='bbox 1158 2392 1231 2453; x_wconf 79' lang='lat' dir='ltr'>triae</span> <span class='ocrx_word' id='word_1_152' title='bbox 1251 2390 1350 2453; x_wconf 86' lang='lat' dir='ltr'>aciem</span> 
     </span>
     <span class='ocr_line' id='line_1_20' title="bbox 207 2496 1351 2581; baseline -0.003 -19"><span class='ocrx_word' id='word_1_153' title='bbox 207 2498 347 2581; x_wconf 87' lang='lat' dir='ltr'>effugiat.</span> <span class='ocrx_word' id='word_1_154' title='bbox 371 2517 473 2580; x_wconf 88' lang='lat' dir='ltr'>neque</span> <span class='ocrx_word' id='word_1_155' title='bbox 498 2518 571 2563; x_wconf 90' lang='lat' dir='ltr'>uero</span> <span class='ocrx_word' id='word_1_156' title='bbox 597 2497 658 2562; x_wconf 90' lang='lat' dir='ltr'>etsi</span> <span class='ocrx_word' id='word_1_157' title='bbox 682 2497 847 2561; x_wconf 90' lang='lat' dir='ltr'>adsiduam</span> <span class='ocrx_word' id='word_1_158' title='bbox 871 2497 903 2560; x_wconf 91' lang='lat' dir='ltr'>in</span> <span class='ocrx_word' id='word_1_159' title='bbox 927 2497 1024 2561; x_wconf 91' lang='lat' dir='ltr'>libros</span> <span class='ocrx_word' id='word_1_160' title='bbox 1049 2516 1154 2562; x_wconf 91' lang='lat' dir='ltr'>sacros</span> <span class='ocrx_word' id='word_1_161' title='bbox 1182 2496 1351 2561; x_wconf 89' lang='lat' dir='ltr'>lectionem</span> 
     </span>
     <span class='ocr_line' id='line_1_21' title="bbox 205 2602 1351 2688; baseline -0.003 -19"><span class='ocrx_word' id='word_1_162' title='bbox 205 2605 355 2688; x_wconf 90' lang='lat' dir='ltr'>impendi,</span> <span class='ocrx_word' id='word_1_163' title='bbox 375 2605 472 2669; x_wconf 87' lang='lat' dir='ltr'>talem</span> <span class='ocrx_word' id='word_1_164' title='bbox 497 2604 599 2686; x_wconf 90' lang='lat' dir='ltr'>qualis</span> <span class='ocrx_word' id='word_1_165' title='bbox 623 2603 654 2666; x_wconf 92' lang='lat' dir='ltr'>in</span> <span class='ocrx_word' id='word_1_166' title='bbox 678 2603 856 2667; x_wconf 86' lang='lat' dir='ltr'>litterarum</span> <span class='ocrx_word' id='word_1_167' title='bbox 882 2603 1060 2668; x_wconf 89' lang='lat' dir='ltr'>diuinarum</span> <span class='ocrx_word' id='word_1_168' title='bbox 1085 2602 1261 2667; x_wconf 89' lang='lat' dir='ltr'>cultoribus</span> <span class='ocrx_word' id='word_1_169' title='bbox 1282 2619 1351 2665; x_wconf 89' lang='lat' dir='ltr'>esse</span> 
     </span>
     <span class='ocr_line' id='line_1_22' title="bbox 195 2706 1351 2795; baseline -0.003 -19"><span class='ocrx_word' id='word_1_170' title='bbox 195 2706 290 2777; x_wconf 85' lang='lat' dir='ltr'>¹solet</span> <span class='ocrx_word' id='word_1_171' title='bbox 316 2711 529 2795; x_wconf 87' lang='lat' dir='ltr'>cognitionem</span> <span class='ocrx_word' id='word_1_172' title='bbox 557 2730 607 2775; x_wconf 90' lang='lat' dir='ltr'>me</span> <span class='ocrx_word' id='word_1_173' title='bbox 636 2714 842 2775; x_wconf 89' lang='lat' dir='ltr'>consecutum</span> <span class='ocrx_word' id='word_1_174' title='bbox 871 2728 941 2774; x_wconf 90' lang='lat' dir='ltr'>esse</span> <span class='ocrx_word' id='word_1_175' title='bbox 974 2708 1179 2792; x_wconf 76' lang='lat' dir='ltr'>adfirmem1).</span> <span class='ocrx_word' id='word_1_176' title='bbox 1217 2708 1351 2790; x_wconf 89' lang='lat' dir='ltr'>denique</span> 
     </span>
     <span class='ocr_line' id='line_1_23' title="bbox 206 2813 1431 2900; baseline -0.005 -16"><span class='ocrx_word' id='word_1_177' title='bbox 206 2819 394 2884; x_wconf 84' lang='lat' dir='ltr'>Ambrosius</span> <span class='ocrx_word' id='word_1_178' title='bbox 423 2817 609 2900; x_wconf 85' lang='lat' dir='ltr'>saepissime</span> <span class='ocrx_word' id='word_1_179' title='bbox 637 2837 697 2882; x_wconf 90' lang='lat' dir='ltr'>non</span> <span class='ocrx_word' id='word_1_180' title='bbox 725 2817 867 2900; x_wconf 90' lang='lat' dir='ltr'>integros</span> <span class='ocrx_word' id='word_1_181' title='bbox 896 2819 995 2894; x_wconf 93' lang='lat' dir='ltr'>locos,</span> <span class='ocrx_word' id='word_1_182' title='bbox 1020 2815 1076 2881; x_wconf 86' lang='lat' dir='ltr'>sed</span> <span class='ocrx_word' id='word_1_183' title='bbox 1103 2834 1204 2898; x_wconf 89' lang='lat' dir='ltr'>pauca</span> <span class='ocrx_word' id='word_1_184' title='bbox 1226 2817 1351 2879; x_wconf 88' lang='lat' dir='ltr'>tantum</span> <span class='ocrx_word' id='word_1_185' title='bbox 1427 2813 1431 2822; x_wconf 73' lang='grc'><strong>’</strong></span> 
     </span>
     <span class='ocr_line' id='line_1_24' title="bbox 206 2909 1349 2990; baseline -0.004 -1"><span class='ocrx_word' id='word_1_186' title='bbox 206 2909 303 2990; x_wconf 86' lang='lat' dir='ltr'>uerba</span> <span class='ocrx_word' id='word_1_187' title='bbox 335 2925 448 2990; x_wconf 89' lang='lat' dir='ltr'>ceteris</span> <span class='ocrx_word' id='word_1_188' title='bbox 482 2925 519 2989; x_wconf 92' lang='lat' dir='ltr'>de</span> <span class='ocrx_word' id='word_1_189' title='bbox 553 2944 610 2990; x_wconf 91' lang='lat' dir='ltr'>suo</span> <span class='ocrx_word' id='word_1_190' title='bbox 644 2924 760 2989; x_wconf 90' lang='lat' dir='ltr'>additis</span> <span class='ocrx_word' id='word_1_191' title='bbox 794 2923 927 2988; x_wconf 87' lang='lat' dir='ltr'>orationi</span> <span class='ocrx_word' id='word_1_192' title='bbox 954 2924 1097 2988; x_wconf 88' lang='lat' dir='ltr'>inscruit.</span> <span class='ocrx_word' id='word_1_193' title='bbox 1137 2925 1238 2988; x_wconf 88' lang='lat' dir='ltr'>totam</span> <span class='ocrx_word' id='word_1_194' title='bbox 1268 2921 1349 2986; x_wconf 89' lang='lat' dir='ltr'>enim</span> 
     </span>
     <span class='ocr_line' id='line_1_25' title="bbox 207 3027 1350 3114; baseline -0.005 -18"><span class='ocrx_word' id='word_1_195' title='bbox 207 3051 327 3097; x_wconf 91' lang='lat' dir='ltr'>sacram</span> <span class='ocrx_word' id='word_1_196' title='bbox 355 3032 544 3114; x_wconf 84' lang='lat' dir='ltr'>scripturam</span> <span class='ocrx_word' id='word_1_197' title='bbox 573 3030 735 3110; x_wconf 88' lang='lat' dir='ltr'>memoria,</span> <span class='ocrx_word' id='word_1_198' title='bbox 761 3050 840 3114; x_wconf 90' lang='lat' dir='ltr'>quae</span> <span class='ocrx_word' id='word_1_199' title='bbox 870 3031 902 3095; x_wconf 91' lang='lat' dir='ltr'>in</span> <span class='ocrx_word' id='word_1_200' title='bbox 927 3050 962 3096; x_wconf 90' lang='lat' dir='ltr'>eo</span> <span class='ocrx_word' id='word_1_201' title='bbox 988 3050 1083 3112; x_wconf 90' lang='lat' dir='ltr'>quam</span> <span class='ocrx_word' id='word_1_202' title='bbox 1105 3028 1240 3093; x_wconf 90' lang='lat' dir='ltr'>maxime</span> <span class='ocrx_word' id='word_1_203' title='bbox 1263 3027 1350 3112; x_wconf 90' lang='lat' dir='ltr'>uige-</span> 
     </span>
     <span class='ocr_line' id='line_1_26' title="bbox 206 3133 1351 3221; baseline -0.004 -18"><span class='ocrx_word' id='word_1_204' title='bbox 206 3140 271 3218; x_wconf 86' lang='lat' dir='ltr'>bat,</span> <span class='ocrx_word' id='word_1_205' title='bbox 300 3138 578 3221; x_wconf 88' lang='lat' dir='ltr'>complectebatur,</span> <span class='ocrx_word' id='word_1_206' title='bbox 606 3137 652 3202; x_wconf 91' lang='lat' dir='ltr'>ita</span> <span class='ocrx_word' id='word_1_207' title='bbox 679 3141 794 3214; x_wconf 90' lang='lat' dir='ltr'>tamen,</span> <span class='ocrx_word' id='word_1_208' title='bbox 824 3140 871 3216; x_wconf 90' lang='lat' dir='ltr'>ut,</span> <span class='ocrx_word' id='word_1_209' title='bbox 897 3137 924 3201; x_wconf 94' lang='lat' dir='ltr'>si</span> <span class='ocrx_word' id='word_1_210' title='bbox 952 3156 1045 3219; x_wconf 92' lang='lat' dir='ltr'>quem</span> <span class='ocrx_word' id='word_1_211' title='bbox 1073 3136 1180 3201; x_wconf 89' lang='lat' dir='ltr'>locum</span> <span class='ocrx_word' id='word_1_212' title='bbox 1204 3133 1351 3199; x_wconf 82' lang='lat' dir='ltr'>adhibere</span> 
     </span>
     <span class='ocr_line' id='line_1_27' title="bbox 205 3240 1350 3327; baseline -0.003 -18"><span class='ocrx_word' id='word_1_213' title='bbox 205 3246 316 3326; x_wconf 87' lang='lat' dir='ltr'>uellet,</span> <span class='ocrx_word' id='word_1_214' title='bbox 346 3248 441 3327; x_wconf 89' lang='lat' dir='ltr'>caput</span> <span class='ocrx_word' id='word_1_215' title='bbox 473 3243 647 3309; x_wconf 90' lang='lat' dir='ltr'>sententiae</span> <span class='ocrx_word' id='word_1_216' title='bbox 679 3244 775 3326; x_wconf 90' lang='lat' dir='ltr'>probe</span> <span class='ocrx_word' id='word_1_217' title='bbox 807 3246 939 3321; x_wconf 90' lang='lat' dir='ltr'>teneret,</span> <span class='ocrx_word' id='word_1_218' title='bbox 969 3261 1048 3326; x_wconf 87' lang='lat' dir='ltr'>quae</span> <span class='ocrx_word' id='word_1_219' title='bbox 1081 3245 1187 3308; x_wconf 90' lang='lat' dir='ltr'>autem</span> <span class='ocrx_word' id='word_1_220' title='bbox 1219 3240 1350 3307; x_wconf 89' lang='lat' dir='ltr'>minoris</span> 
     </span>
     <span class='ocr_line' id='line_1_28' title="bbox 206 3348 1351 3435; baseline -0.006 -17"><span class='ocrx_word' id='word_1_221' title='bbox 206 3352 359 3418; x_wconf 87' lang='lat' dir='ltr'>momenti</span> <span class='ocrx_word' id='word_1_222' title='bbox 379 3353 485 3416; x_wconf 88' lang='lat' dir='ltr'>essent</span> <span class='ocrx_word' id='word_1_223' title='bbox 503 3371 564 3416; x_wconf 93' lang='lat' dir='ltr'>non</span> <span class='ocrx_word' id='word_1_224' title='bbox 584 3351 659 3416; x_wconf 91' lang='lat' dir='ltr'>item</span> <span class='ocrx_word' id='word_1_225' title='bbox 679 3354 826 3435; x_wconf 92' lang='lat' dir='ltr'>prompta</span> <span class='ocrx_word' id='word_1_226' title='bbox 845 3371 880 3416; x_wconf 90' lang='lat' dir='ltr'>ac</span> <span class='ocrx_word' id='word_1_227' title='bbox 896 3353 1004 3434; x_wconf 90' lang='lat' dir='ltr'>parata</span> <span class='ocrx_word' id='word_1_228' title='bbox 1018 3351 1157 3415; x_wconf 87' lang='lat' dir='ltr'>haberet.</span> <span class='ocrx_word' id='word_1_229' title='bbox 1178 3348 1238 3413; x_wconf 93' lang='lat' dir='ltr'>hoc</span> <span class='ocrx_word' id='word_1_230' title='bbox 1252 3348 1351 3432; x_wconf 88' lang='lat' dir='ltr'>igitur</span> 
     </span>
     <span class='ocr_line' id='line_1_29' title="bbox 121 3453 1348 3542; baseline -0.002 -20"><span class='ocrx_word' id='word_1_231' title='bbox 121 3453 125 3458; x_wconf 81' lang='grc'><strong>’</strong></span> <span class='ocrx_word' id='word_1_232' title='bbox 207 3459 353 3537; x_wconf 91' lang='lat' dir='ltr'>adsciuit,</span> <span class='ocrx_word' id='word_1_233' title='bbox 371 3459 428 3523; x_wconf 90' lang='lat' dir='ltr'>illa</span> <span class='ocrx_word' id='word_1_234' title='bbox 450 3462 505 3524; x_wconf 89' lang='lat' dir='ltr'>aut</span> <span class='ocrx_word' id='word_1_235' title='bbox 528 3459 666 3542; x_wconf 84' lang='lat' dir='ltr'>neglexit</span> <span class='ocrx_word' id='word_1_236' title='bbox 689 3462 744 3523; x_wconf 90' lang='lat' dir='ltr'>aut</span> <span class='ocrx_word' id='word_1_237' title='bbox 762 3461 800 3524; x_wconf 93' lang='lat' dir='ltr'>ut</span> <span class='ocrx_word' id='word_1_238' title='bbox 819 3459 848 3524; x_wconf 92' lang='lat' dir='ltr'>ei</span> <span class='ocrx_word' id='word_1_239' title='bbox 867 3461 978 3541; x_wconf 88' lang='lat' dir='ltr'>aptum</span> <span class='ocrx_word' id='word_1_240' title='bbox 997 3476 1067 3522; x_wconf 90' lang='lat' dir='ltr'>esse</span> <span class='ocrx_word' id='word_1_241' title='bbox 1086 3456 1256 3521; x_wconf 89' lang='lat' dir='ltr'>uidebatur</span> <span class='ocrx_word' id='word_1_242' title='bbox 1275 3474 1348 3536; x_wconf 90' lang='lat' dir='ltr'>sup·</span> 
     </span>
     <span class='ocr_line' id='line_1_30' title="bbox 205 3563 1349 3651; baseline -0.004 -21"><span class='ocrx_word' id='word_1_243' title='bbox 205 3566 317 3651; x_wconf 90' lang='lat' dir='ltr'>pleuit.</span> <span class='ocrx_word' id='word_1_244' title='bbox 337 3567 397 3631; x_wconf 92' lang='lat' dir='ltr'>nisi</span> <span class='ocrx_word' id='word_1_245' title='bbox 417 3566 496 3631; x_wconf 88' lang='lat' dir='ltr'>sorte</span> <span class='ocrx_word' id='word_1_246' title='bbox 517 3566 720 3631; x_wconf 87' lang='lat' dir='ltr'>statuendum</span> <span class='ocrx_word' id='word_1_247' title='bbox 740 3570 790 3631; x_wconf 91' lang='lat' dir='ltr'>est</span> <span class='ocrx_word' id='word_1_248' title='bbox 808 3585 879 3630; x_wconf 89' lang='lat' dir='ltr'>eum</span> <span class='ocrx_word' id='word_1_249' title='bbox 901 3565 1045 3631; x_wconf 89' lang='lat' dir='ltr'>consulto</span> <span class='ocrx_word' id='word_1_250' title='bbox 1065 3563 1210 3648; x_wconf 85' lang='lat' dir='ltr'>grauiora</span> <span class='ocrx_word' id='word_1_251' title='bbox 1226 3565 1349 3626; x_wconf 92' lang='lat' dir='ltr'>tantum</span> 
     </span>
     <span class='ocr_line' id='line_1_31' title="bbox 205 3670 1350 3756; baseline -0.007 -16"><span class='ocrx_word' id='word_1_252' title='bbox 205 3676 304 3740; x_wconf 88' lang='lat' dir='ltr'>uerba</span> <span class='ocrx_word' id='word_1_253' title='bbox 316 3673 501 3756; x_wconf 85' lang='lat' dir='ltr'>respexisse,</span> <span class='ocrx_word' id='word_1_254' title='bbox 523 3675 626 3737; x_wconf 90' lang='lat' dir='ltr'>cetera</span> <span class='ocrx_word' id='word_1_255' title='bbox 646 3674 770 3738; x_wconf 93' lang='lat' dir='ltr'>omnino</span> <span class='ocrx_word' id='word_1_256' title='bbox 790 3693 851 3739; x_wconf 90' lang='lat' dir='ltr'>non</span> <span class='ocrx_word' id='word_1_257' title='bbox 872 3673 1042 3739; x_wconf 90' lang='lat' dir='ltr'>curauisse.</span> <span class='ocrx_word' id='word_1_258' title='bbox 1063 3671 1094 3736; x_wconf 90' lang='lat' dir='ltr'>in</span> <span class='ocrx_word' id='word_1_259' title='bbox 1113 3670 1223 3754; x_wconf 90' lang='lat' dir='ltr'>primis</span> <span class='ocrx_word' id='word_1_260' title='bbox 1243 3671 1350 3733; x_wconf 86' lang='lat' dir='ltr'>autem</span> 
     </span>
     <span class='ocr_line' id='line_1_32' title="bbox 206 3775 1349 3864; baseline -0.007 -17"><span class='ocrx_word' id='word_1_261' title='bbox 206 3781 298 3847; x_wconf 86' lang='lat' dir='ltr'>Pauli</span> <span class='ocrx_word' id='word_1_262' title='bbox 331 3781 485 3864; x_wconf 87' lang='lat' dir='ltr'>epistulas</span> <span class='ocrx_word' id='word_1_263' title='bbox 514 3781 656 3846; x_wconf 88' lang='lat' dir='ltr'>studiose</span> <span class='ocrx_word' id='word_1_264' title='bbox 685 3781 896 3860; x_wconf 89' lang='lat' dir='ltr'>lectitauerat,</span> <span class='ocrx_word' id='word_1_265' title='bbox 926 3801 1004 3864; x_wconf 91' lang='lat' dir='ltr'>quas</span> <span class='ocrx_word' id='word_1_266' title='bbox 1033 3779 1078 3844; x_wconf 91' lang='lat' dir='ltr'>ita</span> <span class='ocrx_word' id='word_1_267' title='bbox 1103 3779 1214 3843; x_wconf 86' lang='lat' dir='ltr'>infixas</span> <span class='ocrx_word' id='word_1_268' title='bbox 1245 3775 1349 3841; x_wconf 92' lang='lat' dir='ltr'>animo</span> 
     </span>
     <span class='ocr_line' id='line_1_33' title="bbox 206 3881 1352 3969; baseline -0.006 -17"><span class='ocrx_word' id='word_1_269' title='bbox 206 3889 352 3966; x_wconf 88' lang='lat' dir='ltr'>habebat,</span> <span class='ocrx_word' id='word_1_270' title='bbox 376 3891 413 3952; x_wconf 89' lang='lat' dir='ltr'>ut</span> <span class='ocrx_word' id='word_1_271' title='bbox 437 3887 632 3969; x_wconf 90' lang='lat' dir='ltr'>saepissime,</span> <span class='ocrx_word' id='word_1_272' title='bbox 653 3886 779 3952; x_wconf 90' lang='lat' dir='ltr'>etiamsi</span> <span class='ocrx_word' id='word_1_273' title='bbox 803 3889 905 3952; x_wconf 83' lang='lat' dir='ltr'>certos</span> <span class='ocrx_word' id='word_1_274' title='bbox 930 3907 1040 3951; x_wconf 84' lang='lat' dir='ltr'>aarum</span> <span class='ocrx_word' id='word_1_275' title='bbox 1059 3887 1147 3951; x_wconf 92' lang='lat' dir='ltr'>locos</span> <span class='ocrx_word' id='word_1_276' title='bbox 1171 3881 1352 3964; x_wconf 86' lang='lat' dir='ltr'>norrrespi-</span> 
     </span>
     <span class='ocr_line' id='line_1_34' title="bbox 208 3992 1351 4076; baseline -0.004 -18"><span class='ocrx_word' id='word_1_277' title='bbox 208 3998 301 4074; x_wconf 82' lang='lat' dir='ltr'>caret,</span> <span class='ocrx_word' id='word_1_278' title='bbox 325 3997 431 4058; x_wconf 89' lang='lat' dir='ltr'>tamen</span> <span class='ocrx_word' id='word_1_279' title='bbox 460 3993 533 4058; x_wconf 86' lang='lat' dir='ltr'>inde</span> <span class='ocrx_word' id='word_1_280' title='bbox 563 3994 683 4059; x_wconf 90' lang='lat' dir='ltr'>colores</span> <span class='ocrx_word' id='word_1_281' title='bbox 712 3993 751 4057; x_wconf 90' lang='lat' dir='ltr'>ad</span> <span class='ocrx_word' id='word_1_282' title='bbox 779 3994 952 4058; x_wconf 90' lang='lat' dir='ltr'>orationem</span> <span class='ocrx_word' id='word_1_283' title='bbox 980 3992 1231 4076; x_wconf 88' lang='lat' dir='ltr'>amplificandam</span> <span class='ocrx_word' id='word_1_284' title='bbox 1256 3993 1351 4070; x_wconf 88' lang='lat' dir='ltr'>atque</span> 
     </span>
    </p>
   </div>
   <div class='ocr_carea' id='block_1_3' title="bbox 207 4207 1350 4370">
    <p class='ocr_par' dir='ltr' id='par_1_3' title="bbox 207 4207 1350 4370">
     <span class='ocr_line' id='line_1_35' title="bbox 252 4207 1350 4281; baseline -0.005 -16"><span class='ocrx_word' id='word_1_285' title='bbox 252 4212 272 4279; x_wconf 92' lang='lat'>¹)</span> <span class='ocrx_word' id='word_1_286' title='bbox 293 4229 324 4266; x_wconf 82' lang='lat' dir='ltr'>ex</span> <span class='ocrx_word' id='word_1_287' title='bbox 341 4211 480 4281; x_wconf 86' lang='lat' dir='ltr'>Weymaui</span> <span class='ocrx_word' id='word_1_288' title='bbox 506 4226 618 4265; x_wconf 86' lang='lat' dir='ltr'>censura</span> <span class='ocrx_word' id='word_1_289' title='bbox 640 4210 759 4264; x_wconf 87' lang='lat' dir='ltr'>intellexi</span> <span class='ocrx_word' id='word_1_290' title='bbox 783 4227 826 4263; x_wconf 88' lang='lat' dir='ltr'>me</span> <span class='ocrx_word' id='word_1_291' title='bbox 849 4210 899 4264; x_wconf 91' lang='lat' dir='ltr'>hos</span> <span class='ocrx_word' id='word_1_292' title='bbox 922 4209 996 4264; x_wconf 90' lang='lat' dir='ltr'>locos</span> <span class='ocrx_word' id='word_1_293' title='bbox 1018 4209 1182 4278; x_wconf 87' lang='lat' dir='ltr'>neglexisse:</span> <span class='ocrx_word' id='word_1_294' title='bbox 1207 4227 1232 4278; x_wconf 95' lang='lat' dir='ltr'>p.</span> <span class='ocrx_word' id='word_1_295' title='bbox 1253 4207 1296 4271; x_wconf 82' lang='lat'>71,</span> <span class='ocrx_word' id='word_1_296' title='bbox 1317 4207 1350 4260; x_wconf 76' lang='lat'>12</span> 
     </span>
     <span class='ocr_line' id='line_1_36' title="bbox 207 4293 1270 4370; baseline -0.003 -14"><span class='ocrx_word' id='word_1_297' title='bbox 207 4299 307 4356; x_wconf 87' lang='lat' dir='ltr'>Psalm.</span> <span class='ocrx_word' id='word_1_298' title='bbox 326 4301 402 4354; x_wconf 86' lang='lat' dir='ltr'>LXII</span> <span class='ocrx_word' id='word_1_299' title='bbox 420 4302 450 4364; x_wconf 76' lang='lat'>33</span> <span class='ocrx_word' id='word_1_300' title='bbox 470 4318 495 4370; x_wconf 93' lang='lat' dir='ltr'>p.</span> <span class='ocrx_word' id='word_1_301' title='bbox 517 4301 578 4368; x_wconf 84' lang='lat'>112,</span> <span class='ocrx_word' id='word_1_302' title='bbox 599 4300 632 4354; x_wconf 88' lang='lat'>18</span> <span class='ocrx_word' id='word_1_303' title='bbox 651 4301 726 4356; x_wconf 84' lang='lat' dir='ltr'>Rom.</span> <span class='ocrx_word' id='word_1_304' title='bbox 748 4302 789 4365; x_wconf 96' lang='lat' dir='ltr'>ll,</span> <span class='ocrx_word' id='word_1_305' title='bbox 809 4301 857 4365; x_wconf 85' lang='lat'>33;</span> <span class='ocrx_word' id='word_1_306' title='bbox 877 4293 911 4369; x_wconf 70' lang='lat' dir='ltr'>p.¹</span> <span class='ocrx_word' id='word_1_307' title='bbox 924 4301 984 4366; x_wconf 81' lang='lat'>117,</span> <span class='ocrx_word' id='word_1_308' title='bbox 1005 4299 1037 4352; x_wconf 90' lang='grc'>19</span> <span class='ocrx_word' id='word_1_309' title='bbox 1057 4298 1084 4352; x_wconf 90' lang='grc' dir='ltr'>ΙΙ</span> <span class='ocrx_word' id='word_1_310' title='bbox 1104 4298 1163 4353; x_wconf 81' lang='lat' dir='ltr'>Cor.</span> <span class='ocrx_word' id='word_1_311' title='bbox 1184 4300 1208 4359; x_wconf 91' lang='lat'>6,</span> <span class='ocrx_word' id='word_1_312' title='bbox 1230 4299 1270 4353; x_wconf 85' lang='lat'>14.</span> 
     </span>
    </p>
   </div>
   <div class='ocr_carea' id='block_1_4' title="bbox 234 4401 1293 4478">
    <p class='ocr_par' dir='ltr' id='par_1_4' title="bbox 234 4401 1293 4478">
     <span class='ocr_line' id='line_1_37' title="bbox 234 4401 1293 4478; baseline -0.004 -12"><span class='ocrx_word' id='word_1_313' title='bbox 234 4425 324 4468; x_wconf 82' lang='lat' dir='ltr'>XXXII.</span> <span class='ocrx_word' id='word_1_314' title='bbox 339 4425 417 4468; x_wconf 72' lang='lat' dir='ltr'>Ambe.</span> <span class='ocrx_word' id='word_1_315' title='bbox 432 4436 483 4476; x_wconf 83' lang='lat' dir='ltr'>pars</span> <span class='ocrx_word' id='word_1_316' title='bbox 499 4428 518 4478; x_wconf 86' lang='lat'>1,</span> <span class='ocrx_word' id='word_1_317' title='bbox 534 4425 589 4466; x_wconf 72' lang='lat' dir='ltr'>isse.</span> <span class='ocrx_word' id='word_1_318' title='bbox 599 4428 619 4466; x_wconf 78' lang='lat'>2.</span> <span class='ocrx_word' id='word_1_319' title='bbox 1281 4401 1293 4453; x_wconf 79' lang='lat' dir='ltr'><strong>f</strong></span> 
     </span>
    </p>
   </div>
   <div class='ocr_carea' id='block_1_5' title="bbox 0 0 1666 4932">
    <p class='ocr_par' dir='ltr' id='par_1_5' title="bbox 0 0 1666 4932">
     <span class='ocr_line' id='line_1_38' title="bbox 0 0 1666 4932; baseline 0 0"><span class='ocrx_word' id='word_1_320' title='bbox 0 0 1666 4932; x_wconf 95' lang='lat' dir='ltr'> </span> 
     </span>
    </p>
   </div>
  </div>
 </body>
</html>
