3342 4920
442 356 484 409 De
504 355 639 410 Abraham
658 354 686 408 II
704 355 729 419 8,
749 356 792 410 57.
812 355 846 408 58
884 355 908 422 (Ι
926 355 977 408 337
996 354 1108 410 s-sss
1127 355 1170 419 B).
1321 358 1382 421 611

239 552 354 633 gustus
384 555 491 614 autern
514 555 593 633 potu
617 549 784 630 epulisque
808 551 983 632 generatur,
1008 548 1139 630 quintus
1163 567 1237 613 uero
1262 568 1385 627 sensus,

238 656 299 721 hoo
331 659 381 721 est
412 659 519 722 tactus
553 656 644 720 uelut
676 654 833 719 admixtus
867 658 917 720 est
947 655 1013 720 illis
1046 657 1205 738 quattuor.
1244 655 1319 720 odor
1355 661 1386 720 et

240 767 354 848 gustus
383 762 538 845 quaedam
566 761 668 846 magis
698 762 847 826 alimenta
875 765 950 826 sunt
973 762 1122 844 corporis,
1147 762 1261 843 quibus
1286 762 1386 826 oannis

238 869 333 934 huius
353 869 470 934 militia
489 867 647 946 subsistit,
667 868 761 933 uisus
778 886 853 931 uero
874 871 906 931 et
925 867 1052 932 auditus
1071 871 1208 932 mentem
1224 867 1385 932 adiuuant.

207 977 315 1041 shaec
348 979 423 1042 sunt
455 975 640 1051 diuisiones
674 993 754 1056 quae
788 975 962 1039 secundum
995 994 1120 1044 carnem
1151 979 1289 1040 nostram
1323 975 1387 1039 ani-

146 1089 192 1153 58
239 1101 386 1165 mamque
415 1099 433 1145 a
461 1099 586 1146 summo
621 1083 783 1162 operatore
807 1079 929 1144 diuisae
948 1075 1042 1145 sunt.
1075 1080 1158 1144 unde
1183 1084 1307 1162 oportet
1328 1101 1385 1146 nos

240 1188 388 1273 colligere
412 1186 607 1270 quinetiam
629 1187 767 1252 mundus
791 1186 852 1250 isto
876 1186 967 1251 uelut
988 1182 1044 1270 per
1067 1188 1207 1251 membra
1234 1187 1387 1269 quaedam

240 1295 364 1378 gemina
383 1297 416 1358 et
433 1297 596 1376 tamquam
611 1289 822 1376 ἀντιπρόσωπα
837 1291 1028 1357 distributus
1041 1297 1101 1370 est,
1120 1294 1248 1358 terrain
1263 1299 1386 1359 montes
1413 1297 1436 1350 F

240 1401 330 1465 etin
359 1419 497 1483 campos,
526 1402 563 1463 nt
592 1401 667 1463 sunt
693 1402 800 1480 partes
828 1399 929 1463 nostri
957 1399 1096 1482 corporis
1127 1400 1271 1464 elatiores
1297 1400 1386 1476 allae,

195 1530 221 1569 ιο
240 1506 318 1572 aliae
351 1507 519 1591 planiores.
555 1504 695 1570 eminent
730 1506 878 1587 scapulae
912 1509 944 1570 et
979 1507 1097 1588 pedum
1137 1507 1299 1588 superiora
1335 1503 1388 1570 uel

240 1633 402 1692 mannum,
425 1613 526 1677 latera
549 1614 655 1677 autem
684 1615 715 1676 et
742 1612 890 1677 inferiora
914 1614 1047 1678 ceruicis
1075 1614 1166 1678 uelut
1188 1615 1289 1678 ualles
1312 1615 1388 1677 trita

241 1725 273 1785 et
296 1739 445 1786 concaua.
475 1718 559 1802 quod
585 1721 617 1783 et
640 1719 687 1783 de
701 1719 776 1783 uola
799 1739 911 1784 manus
934 1720 1119 1804 intellegere
1142 1720 1232 1796 lieet;
1260 1739 1331 1783 narn
1355 1720 1386 1783 in

240 1829 310 1911 ipso
346 1827 493 1891 calcaneo
527 1826 617 1909 pedis
648 1825 785 1890 eminere
814 1827 885 1907 alia,
913 1826 1017 1890 media
1041 1829 1147 1890 autern
1171 1826 1295 1890 sinuata
1318 1845 1388 1890 esse

239 1935 314 2016 quis
347 1931 493 1997 dubitat?
526 1952 607 2015 aqua
639 1931 670 1996 in
703 1932 783 1996 mari
811 1932 904 2010 salsa,
933 1932 1035 1996 dulcis
1063 1917 1102 1996 in*
1124 1931 1253 1996 flumine
1283 1933 1334 1996 uel
1355 1933 1386 1996 in

198 2063 223 2102 rs
241 2042 393 2106 sontibus.
419 2043 468 2105 est
491 2061 544 2105 aer
565 2040 697 2106 hiberno
721 2039 868 2124 frigidus
882 2041 976 2120 ,ueris
1001 2040 1164 2104 mensibus
1183 2042 1386 2121 temperatus,

243 2149 364 2214 calidus
398 2149 529 2213 aestate.
564 2165 637 2230 ergo
671 2147 735 2211 ista
767 2147 879 2210 diuisit
915 2149 1068 2230 operator,
1105 2148 1245 2210 mentem
1282 2150 1387 2210 autem

241 2259 392 2333 nostram,
426 2238 631 2336 qnae‘modo
664 2254 772 2319 auium
800 2253 958 2319 uirtutum
986 2253 1182 2318 diuersarum
1211 2257 1243 2318 et
1265 2254 1487 2338 uigoris338n

244 2363 293 2428 sui
325 2365 419 2426 uecta
450 2360 592 2444 remigiis
626 2381 722 2444 supra
754 2361 878 2424 caelum
910 2363 1026 2439 euolat,
1060 2381 1121 2426 nou
1155 2360 1276 2440 diuisit,
1315 2360 1388 2443 quia

243 2469 378 2534 trinitati
406 2467 555 2532 adhaeret
584 2467 739 2531 diuidenti
768 2468 882 2545 omnia,
908 2468 968 2533 soli
992 2468 1157 2533 indiuisae.
1182 2469 1265 2533 uude
1286 2468 1388 2550 philo-

195 2599 223 2637 ao
243 2575 335 2657 sophi
368 2575 562 2657 superiorem
594 2574 706 2639 mundi
737 2574 833 2639 huius
871 2575 1093 2651 substantiam,
1131 2594 1225 2657 quam
1263 2576 1390 2639 aethera

241 2684 366 2760 uocant,
400 2701 461 2745 non
495 2700 531 2746 ex
568 2683 744 2746 ceterorum
782 2681 1011 2746 elementorum
1048 2682 1161 2746 uolunt
1198 2680 1387 2745 admixtione

242 2792 396 2867 constare,
425 2789 481 2852 sed
509 2787 707 2871 splendidam
736 2790 768 2852 et
794 2789 895 2852 multo
920 2788 1131 2872 refulgentem
1153 2787 1283 2864 lumine,
1307 2805 1387 2869 quae

241 2914 302 2960 non
334 2897 435 2961 terrae
469 2896 632 2960 sordidum
664 2915 722 2960 nec
751 2914 902 2977 aquarum
930 2895 1073 2959 umidum
1101 2913 1159 2960 nec
1186 2894 1267 2958 aeris
1291 2893 1388 2957 nebu-

240 3002 345 3066 losum
373 3021 430 3067 nec
458 3002 542 3086 ignis
570 3002 672 3084 ipsius
700 3002 835 3066 rutilum
859 3001 1028 3084 quicquam
1050 3001 1193 3084 recipiat,
1218 3020 1253 3064 en
1277 3001 1386 3082 quinta

195 3130 224 3169 as
242 3109 376 3191 quadam
408 3108 479 3172 usia
505 3127 582 3200 ¹esse
616 3109 766 3173 adserunt
794 3112 826 3173 et
853 3109 944 3172 uelut
972 3102 1134 3172 uolucrem
1157 3107 1269 3171 mundi
1291 3108 1385 3172 istius
1413 3117 1436 3169 B

242 3219 381 3278 mentem
407 3214 600 3278 uelociorem
628 3214 850 3297 purioremque
883 3234 952 3278 esse
981 3214 1093 3279 ceteris
1125 3214 1280 3297 partibus.
1313 3234 1385 3278 narn

241 3320 319 3385 aliae
343 3321 458 3396 mixtae
482 3320 543 3384 sibi
568 3323 600 3384 et
624 3325 786 3386 concretae
812 3324 894 3398 suut,
914 3339 971 3383 uos
991 3324 1097 3383 autem
1116 3319 1196 3383 nihil
1214 3318 1386 3384 materialis
1453 3380 1456 3388 ,

241 3426 468 3508 conpositionis
500 3425 629 3489 inmune
663 3429 757 3506 atque
791 3427 928 3491 alienum
959 3430 1110 3508 putamus
1143 3429 1267 3508 praeter
1297 3425 1386 3489 illam

330 3617 346 3670 6
364 3616 444 3669 Philo
464 3614 574 3680 Quaest.
594 3615 671 3669 1115
728 3617 762 3670 19
781 3616 860 3671 Philo
881 3615 991 3682 Quaest,
1012 3617 1089 3671 1116

277 3733 465 3802 lgcneretur
485 3733 511 3795 (a
530 3747 550 3784 o.
572 3735 596 3800 e)
617 3730 644 3783 P
702 3732 778 3801 uero]
800 3735 890 3786 autem
909 3732 937 3785 B
992 3733 1070 3785 dest
1084 3748 1128 3800 pr.
1148 3748 1169 3784 s.
1188 3749 1217 3784 u.
1235 3732 1272 3795 D,
1292 3730 1388 3786 (ΜΟ

239 3823 255 3874 5
275 3822 342 3874 haec
363 3821 428 3885 P(c
446 3819 527 3887 erae.)
549 3818 608 3872 OM
624 3820 740 3874 haeret.
802 3821 818 3874 8
837 3821 973 3888 tamquam
994 3824 1018 3889 (t
1035 3837 1056 3873 r.
1076 3820 1096 3890 i)
1115 3821 1142 3872 P
1213 3820 1386 3888 antiprosopa

238 3908 319 3962 PBo
335 3910 511 3978 antiprosapa
527 3908 565 3961 M
582 3909 769 3979 antiprosapia
786 3909 848 3963 DN
942 3911 972 3964 11
1000 3911 1067 3964 trita
1086 3913 1110 3974 (t
1129 3910 1177 3963 alt.
1197 3925 1218 3964 s,
1238 3925 1265 3961 u.
1284 3910 1341 3977 ut3)
1360 3907 1388 3959 P

241 3998 274 4050 12
292 3997 320 4050 in
335 3987 385 4050 ora.
400 3996 462 4049 DN
498 3998 530 4050 13
549 3996 627 4067 pedis
648 3996 803 4062 (iexe)P
839 3997 872 4049 18
891 3997 1012 4067 remigiis
1028 3999 1048 4065 (i
1064 4003 1121 4052 tert.
1137 4013 1158 4051 s.
1173 3995 1254 4061 u.)P
1306 4011 1387 4064 super

238 4085 302 4138 DN
369 4085 403 4137 23
422 4084 562 4137 humidum
581 4083 609 4137 P
627 4085 655 4151 (h
673 4101 693 4138 c.
713 4083 752 4154 u.)
771 4090 818 4138 cet.
891 4087 925 4139 25
945 4087 1067 4149 uolucres
1087 4088 1113 4139 P
1193 4085 1284 4152 istius]
1305 4084 1385 4136 huius

239 4173 337 4227 DNM
400 4174 433 4227 26
453 4181 488 4226 na
505 4176 553 4226 m2
571 4189 604 4226 coc
622 4189 676 4226 non
694 4173 722 4225 P
792 4174 826 4228 27
846 4179 987 4228 concretae
1005 4175 1039 4228 N
1053 4180 1210 4229 concreatae
1229 4173 1345 4228 PBOM
1362 4179 1386 4227 ct

239 4265 326 4330 (apr.
347 4261 411 4332 del.)
433 4261 496 4316 T‘D

266 4386 359 4425 XXXII.
374 4385 454 4426 Amor.
469 4397 522 4436 pars
533 4390 553 4436 1,
569 4386 617 4426 iaso
636 4389 656 4428 2.
1314 4368 1349 4421 40
