3322 4914
288 345 426 410 XXVHI
754 339 973 394 Praefatio.

288 538 500 616 inueniantur,
530 535 645 619 quibus
679 554 752 598 eum
776 533 859 598 hunc
882 533 999 597 librum
1023 534 1200 616 respexisse
1224 533 1437 610 confirmetur,

289 664 390 726 neque
414 662 560 727 magnam
584 642 652 705 ueri
676 639 814 722 speciem
838 639 953 702 habeat
977 640 1157 704 coniectura
1180 641 1211 703 iu
1237 640 1341 722 ampla
1363 638 1437 702 Phi-

288 752 371 817 lonis
406 770 535 833 operum
570 767 649 832 quae
682 747 710 811 ei
742 749 868 828 praesto
902 749 969 810 erat
997 747 1095 842 copia·
1115 746 1233 811 librum
1260 747 1353 810 illurn
1376 765 1437 811 non

290 858 444 924 extitisse.
468 857 565 920 immo
589 853 757 919 Ambrosio
781 852 814 916 id
834 853 1002 916 consilinm
1021 854 1122 917 fuisse
1142 853 1296 935 suspicor,
1316 857 1353 918 ut
1371 873 1436 916 rem

289 966 391 1028 totam
419 963 609 1038 absolueret,
640 978 716 1024 casu
745 963 850 1023 autem
880 959 1016 1042 quodam
1046 959 1237 1044 impeditum
1261 979 1333 1024 eum
1358 979 1436 1042 opus

290 1073 476 1152 susceptum
505 1088 566 1132 non
595 1067 633 1130 ad
661 1064 755 1129 finem
783 1065 977 1146 perduxisse,
1003 1065 1059 1131 sed
1087 1066 1118 1130 in
1143 1086 1179 1130 eo
1204 1085 1346 1130 sermone
1370 1085 1437 1149 per-

291 1176 424 1253 stitisse,
449 1194 510 1257 quo
544 1193 581 1237 ea
613 1191 692 1254 6666
725 1171 848 1235 ultimis
881 1171 954 1236 libri
986 1172 1072 1236 tertii
1101 1173 1245 1237 Philonis
1279 1171 1437 1254 capitibus

292 1281 491 1346 continentur
514 1281 714 1344 tractauerat.
739 1277 785 1340 ita
808 1279 1007 1344 sermonibus
1035 1278 1067 1342 in
1096 1298 1194 1343 unum
1223 1297 1337 1362 corpus
1366 1297 1437 1343 666-

291 1387 419 1453 sociatis
438 1387 557 1451 librum
576 1385 734 1462 ultimum,
755 1385 815 1448 etsi
833 1383 1066 1467 imperfectum,
1087 1404 1160 1449 cum
1180 1386 1248 1450 eius
1270 1385 1437 1468 supplendi

290 1498 416 1576 tempus
447 1511 507 1557 666
537 1492 730 1575 suppeteret,
761 1491 859 1554 simul
886 1510 958 1556 cum
986 1491 1089 1574 priore
1117 1492 1194 1556 foris
1223 1493 1332 1556 datum
1356 1510 1436 1556 esse.

292 1600 406 1683 quodsi
434 1620 465 1681 p.
490 1599 565 1674 692,
590 1598 630 1660 21
657 1600 689 1660 66
712 1616 742 1678 p.
768 1597 843 1671 593,
870 1597 910 1660 19
940 1596 978 1660 do
1007 1597 1125 1662 Stoicis
1154 1616 1326 1680 eorumque
1350 1615 1437 1680 prae·

291 1707 402 1790 ceptis,
432 1725 462 1788 p.
489 1705 563 1780 607,
590 1706 630 1767 10
659 1703 698 1767 66
726 1706 876 1786 66666666
909 1703 1031 1768 animae
1059 1704 1212 1782 motibus,
1243 1724 1274 1786 p.
1308 1705 1383 1781 626,
1417 1705 1437 1766 3

291 1813 328 1878 de
343 1815 484 1894 perfecta
498 1810 707 1885 beatitudine,
723 1829 803 1892 quae
823 1811 979 1876 extribus
999 1811 1093 1876 rebus
1113 1813 1276 1890 consistat,
1297 1809 1436 1895 corporis

291 1923 385 2000 atque
414 1919 536 1982 animae
565 1921 596 1981 et
624 1917 842 1982 accidentibus
870 1918 973 1996 bonis,
1003 1918 1156 2002 disputat,
1184 1919 1261 1982 haec
1290 1937 1326 1981 ex
1354 1936 1437 1981 com-

290 2024 413 2108 pendiis
433 2023 579 2088 hausisse
598 2023 736 2089 uidetur.
757 2023 812 2086 sed
830 2024 974 2088 Platonis
994 2025 1182 2101 Phaedrum,
1203 2043 1294 2107 quern
1314 2043 1344 2106 p.
1361 2023 1436 2100 607,

208 2168 213 2174 .
293 2135 311 2195 2
341 2130 497 2214 designat,
526 2129 595 2211 ipse
627 2129 759 2212 legerat,
786 2129 819 2193 id
852 2130 936 2212 quod
965 2133 997 2194 et
1025 2151 1062 2194 ex
1088 2131 1148 2195 hoo
1176 2131 1246 2196 loco
1276 2135 1307 2194 66
1331 2148 1367 2192 66
1391 2129 1436 2192 666

292 2257 371 2320 6666
401 2238 439 2301 de
467 2239 556 2302 Isaac
586 2237 616 2314 8,
647 2238 687 2300 65
717 2255 763 2318 sq.
793 2236 935 2319 exposita
963 2241 1038 2301 sunt
1064 2237 1263 2320 perspicitur.
1301 2240 1436 2316 utroque

293 2345 376 2408 enim
397 2319 473 2408 xloco
502 2343 644 2406 fabulam
673 2363 691 2406 a
717 2343 849 2407 Platone
878 2343 1013 2406 sermoni
1039 2343 1191 2408 intextam
1218 2343 1264 2407 ita
1286 2343 1433 2424 respexit,

292 2453 330 2515 ut
358 2450 432 2532 quin
461 2468 530 2514 eam
559 2448 637 2512 bene
661 2449 787 2514 nouerit
810 2448 948 2512 dubitari
971 2468 1032 2512 nou
1056 2449 1168 2532 possit.
1206 2467 1279 2513 6666
1304 2467 1341 2512 66
1361 2448 1437 2530 biga

291 2556 358 2633 illa,
382 2573 461 2636 quae
486 2553 570 2637 apud
593 2553 759 2617 Platonem
782 2555 840 2630 666,
861 2553 1046 2638 quadrigam
1064 2555 1141 2619 66666
1161 2553 1215 2640 (66.
1233 2553 1436 2636 Augustinus

293 2666 400 2726 contra
427 2661 488 2725 lul.
512 2661 619 2743 Pelag.
644 2660 691 2724 Ill
717 2660 768 2737 14,
793 2659 849 2742 28)
878 2660 1020 2742 aliosque
1050 2681 1147 2744 equos
1179 2661 1355 2738 substituit,
1381 2659 1437 2726 scd

291 2769 323 2832 in
356 2768 465 2832 fabula
496 2769 564 2831 tota
597 2765 795 2848 singulisque
827 2766 922 2830 rebus
950 2767 1115 2832 Platonem
1143 2772 1248 2850 aperte
1273 2766 1435 2848 expressit.

293 2875 508 2939 definitionem
535 2874 635 2951 illam,
659 2891 721 2954 666
749 2873 873 2956 6666666
902 2874 952 2937 666
978 2875 1091 2952 66666,
1120 2875 1242 2939 dicendi
1270 2875 1390 2956 peritus
1419 2893 1438 2937 a

292 2981 492 3064 philosophis
511 2979 574 3042 dici
593 2979 777 3060 perhibetur
794 2983 836 3063 (6.
855 2981 929 3058 629,
948 2981 990 3064 6),
1011 3001 1046 3045 66
1066 2982 1151 3046 dicto
1174 2982 1303 3048 Catonis
1322 2984 1438 3045 ‘orator

293 3090 343 3152 est
365 3088 415 3152 uir
437 3087 550 3164 bonus,
575 3086 698 3151 dicendi
720 3088 854 3170 peritus'
876 3088 1007 3171 petiisse
1030 3089 1157 3153 uidetur
1181 3088 1234 3173 (66.
1258 3090 1299 3154 H.
1324 3087 1436 3153 lordan

294 3193 422 3258 Catonis
453 3197 578 3277 praeter
609 3194 726 3257 librum
759 3194 797 3258 de
829 3215 862 3260 re
893 3196 1013 3260 rustica
1050 3215 1129 3278 quae
1167 3199 1273 3261 extant
1304 3216 1335 3278 p.
1370 3195 1436 3274 80),

293 3301 377 3384 quod
408 3302 546 3366 fortasse
579 3320 615 3366 ex
648 3300 833 3380 Quintiliani
865 3303 940 3366 inst.
974 3321 1017 3366 or.
1051 3303 1112 3367 XII
1141 3306 1212 3378 1,1
1248 3302 1436 3383 desumpsit.

294 3427 373 3488 6666
400 3429 430 3491 p.
456 3409 530 3484 593,
556 3409 575 3471 6
600 3407 638 3471 de
661 3407 843 3491 Pythagora
864 3407 1085 3492 philosophiae
1108 3409 1245 3473 nominis
1273 3409 1436 3473 inuentore

294 3514 373 3577 dixit
400 3514 584 3597 deprompta
613 3517 688 3579 sunt
726 3533 760 3578 ex
790 3515 938 3580 Cicerone
972 3513 1068 3602 (disp.
1102 3517 1196 3581 Tusa.
1228 3516 1256 3579 V
1290 3515 1307 3577 7
1342 3511 1435 3597 666),

293 3621 385 3684 66666
416 3621 580 3685 Timaeum
609 3639 733 3704 qnoque
763 3623 837 3700 608,
867 3626 884 3687 7
915 3623 1089 3705 respexisse
1122 3623 1249 3687 uidetur
1281 3619 1436 3707 (conferas

292 3726 389 3792 uelim
413 3747 443 3809 p.
468 3727 565 3811 XVI).
589 3748 681 3809 quern
706 3731 813 3792 autem
838 3731 912 3807 686,
936 3730 975 3792 18
1001 3729 1168 3812 significet,
1189 3748 1251 3810 quo
1270 3730 1340 3792 loco
1360 3725 1438 3791 dicit

293 3833 396 3898 uirum
422 3853 459 3897 ex
481 3835 701 3918 philosophiae
725 3835 892 3917 disciplina
915 3835 1094 3919 profectum
1115 3836 1268 3900 statuisse
1289 3836 1438 3915 quattuor

293 3941 371 4005 haec
403 3941 472 4005 uiro
504 3941 585 4005 bono
619 3942 737 4005 inesse:
773 3947 810 4006 ut
841 3943 983 4006 elaboret
1010 3943 1146 4026 primum
1174 3945 1212 4005 nt
1240 3960 1347 4005 omnes
1376 3940 1436 4004 sibi

294 4048 412 4112 amicos
436 4048 545 4113 iaciat:
571 4048 744 4112 secundum
770 4068 840 4113 esse
865 4053 901 4114 ut
924 4049 953 4113 si
976 4070 1037 4116 non
1060 4051 1163 4135 possit
1186 4050 1304 4114 amicos
1323 4049 1436 4126 facere,

294 4157 377 4218 certe
401 4173 458 4219 nec
480 4155 640 4218 inimicos:
665 4155 795 4220 tertium
819 4159 856 4220 ut
880 4156 908 4220 si
931 4177 987 4221 666
1005 4157 1093 4221 istud
1113 4159 1269 4240 suppetat,
1290 4156 1348 4220 hac
1368 4173 1442 4218 sen-r

293 4261 393 4325 tentia
417 4261 573 4325 discedat:
598 4265 745 4342 quartum
769 4268 806 4328 nt
831 4265 858 4328 si
881 4264 953 4345 quis
979 4265 1141 4328 cedentem
1167 4265 1375 4348 persequatur
1402 4279 1436 4323 66
