3322 4914
308 338 334 402 Β
773 331 991 386 Ρ66616616.

310 528 394 592 16666
423 529 455 592 66
480 499 573 592 illum
601 526 771 591 uerborum
799 524 939 590 ordinem
969 524 1135 590 Ambrosio
1167 525 1306 590 tribuere
1338 527 1455 610 possis.

309 633 416 715 itaque
440 635 477 698 ut
499 633 532 697 in
557 633 627 697 aliis
651 632 745 697 rebus
770 631 876 696 dubiis
899 631 946 696 ita
969 633 1002 696 et
1024 631 1241 698 talibuslocis
1262 635 1457 698 cumulasse

310 738 469 823 Hpotius
493 759 588 823 quam
613 758 685 803 cum
709 739 808 802 altera
829 737 1009 803 faciendum
1033 756 1102 802 esse
1126 738 1314 806 existimaui.

353 846 560 911 Memorabile
597 847 647 912 est
682 845 715 909 in
751 845 921 928 archetypo
959 844 1106 910 codicum
1142 849 1328 912 nostrorum·
1358 849 1457 926 uerfba

310 952 431 1018 Graeca
459 951 617 1035 adscripta
643 951 743 1016 fuisse
771 950 883 1016 uideri.
917 952 976 1016 hoe
1005 951 1088 1016 enim
1117 951 1145 1016 si
1173 953 1355 1030 statuimus,
1380 974 1456 1036 quo-

310 1060 404 1124 modo
435 1060 488 1140 87,
514 1060 533 1123 6
556 1059 637 1122 mira
660 1058 716 1122 illa
738 1058 771 1123 16
793 1057 883 1122 libris
908 1057 1079 1139 scriptura:
1111 1058 1240 1138 spirans
1262 1079 1365 1124 semea
1388 1065 1456 1126 orta

311 1167 355 1230 sit
377 1165 470 1232 166116
494 1165 677 1249 explicatur.
701 1184 773 1230 nam
796 1165 925 1244 spirans
947 1164 1039 1229 nihili
1058 1184 1128 1230 esse
1149 1167 1362 1230 6666666666
1381 1168 1453 1234 6661-

309 1270 449 1337 bendum
472 1290 533 1336 non
558 1277 607 1336 est
630 1271 714 1353 6666
737 1271 842 1336 166166
866 1290 1029 1353 exponam.
1058 1271 1122 1336 iam
1146 1273 1174 1337 si
1198 1273 1354 1338 sumimus
1378 1273 1454 1338 olim

655 1361 731 1409 661666
803 1369 888 1410 sperma

312 1414 465 1496 seriptum
488 1413 588 1478 luisse
607 1415 772 1486 ,seminans
793 1433 906 1493 semea,
930 1433 966 1478 ex
988 1413 1095 1478 uerbis
1119 1414 1227 1494 spirea
1247 1417 1279 1480 et
1296 1416 1456 1478 seminans

309 1519 391 1583 illud
413 1520 542 1600 spirans
565 1520 735 1585 conflatum
759 1539 828 1584 esse
851 1520 1058 1604 intellegitur.
1095 1519 1148 1583 uix
1176 1524 1281 1585 autem
1305 1521 1456 1586 credibile

311 1631 361 1692 est
382 1627 586 1694 Ambrosium
614 1629 721 1711 ipsum
749 1628 810 1692 boc
837 1627 906 1692 loeo
930 1628 1026 1692 uerba
1052 1626 1172 1692 Graeca
1195 1637 1313 1710 σπεῖρον
1337 1630 1456 1711 σπέρμα

310 1733 459 1798 66166666
481 1734 738 1817 interpretatione
761 1734 873 1798 Latina
895 1735 1054 1798 seminans
1075 1753 1178 1798 scmcn
1200 1731 1455 1815 pronuntiauisse

310 1843 405 1922 atque
432 1841 546 1906 notarii
575 1840 628 1905 uel
654 1837 775 1905 librarii
802 1841 968 1906 cuiusdam
997 1841 1091 1924 eulpa
1119 1839 1250 1923 syllabis
1280 1859 1312 1900 6ν
1337 1841 1457 1920 σπέρμα

309 1946 591 2031 semin-neglectis
620 1948 673 2011 uel
697 1947 824 2012 omissis
849 1967 918 2012 eam
943 1966 1022 2030 quae
1046 1965 1129 2012 nunc
1153 1947 1184 2009 16
1206 1945 1297 2009 libris
1323 1946 1372 2008 est
1393 1944 1456 2006 lec-

309 2054 429 2118 tionem
452 2057 558 2118 natam
583 2073 664 2119 esse.
689 2055 824 2119 alterum
849 2055 917 2118 eius
941 2054 986 2120 661
1011 2053 1188 2135 exemplum
1211 2052 1308 2116 habes
1331 2051 1404 2127 166,
1424 2051 1455 2125 2,

311 2179 373 2242 quo
396 2160 466 2225 1666
490 2160 522 2224 16
546 2160 603 2225 ΠΒ
628 2159 778 2238 aculeum,
802 2161 834 2225 in
857 2160 921 2226 N'S
944 2161 1084 2225 aculeum
1108 2165 1256 2235 centrum,
1280 2158 1312 2221 in
1331 2157 1365 2220 M
1384 2177 1457 2220 666-

311 2264 391 2329 tcnra
414 2269 447 2330 66
469 2265 580 2330 661666
603 2267 718 2330 166666
741 2271 861 2348 septem
886 2267 950 2331 lere
973 2267 1152 2331 litterarum
1172 2267 1267 2330 extat.
1291 2263 1453 2329 6666661-

310 2371 421 2454 ligitur·
447 2371 480 2435 iu
508 2373 677 2456 archetypo
708 2392 803 2456 supra
833 2373 973 2437 aculeum
997 2373 1072 2438 olim
1095 2376 1214 2456 κέντρον
1239 2372 1292 2436 661
1316 2375 1456 2434 centrum

310 2477 505 2560 adscriptum
533 2479 642 2558 fuisse,
668 2479 752 2562 quod
779 2479 813 2543 in
841 2476 897 2543 ΗΒ
921 2479 1114 2562 neglectum,
1139 2479 1170 2540 in
1193 2475 1258 2541 N‘s
1284 2474 1469 2539 lucratio.

310 2600 382 2646 nem
404 2586 578 2664 receptum,
601 2584 634 2649 in
657 2584 692 2648 M
716 2582 850 2667 6661666
874 2603 999 2649 erasum
1023 2585 1079 2648 est.
1093 2581 1117 2669 ¹)

358 2829 378 2891 ι>
397 2829 497 2882 multos
529 2828 604 2881 16666
633 2845 664 2882 66
688 2828 825 2882 Ambrosii
850 2828 981 2882 Examero
1010 2827 1110 2882 adferri
1137 2827 1164 2880 iu
1191 2827 1273 2880 Libro
1304 2827 1456 2895 glossarum

310 2919 429 2970 testatus
449 2920 491 2968 est
510 2913 541 2969 G.
562 2915 665 2970 Goeta
684 2915 712 2967 in
731 2917 792 2969 Act.
811 2933 864 2970 soc.
884 2933 937 2969 sax.
956 2915 1010 2969 1166.
1031 2916 1063 2974 el.
1082 2913 1227 2984 hist-phil.
1246 2912 1315 2967 XIII
1333 2915 1384 2967 261
1406 2930 1456 2982 sq..

312 3005 405 3073 66116
424 3004 541 3073 Corpore
561 3004 642 3072 gloss.
662 3004 710 3058 lat.
729 3004 783 3060 uol.
802 3004 827 3058 V
846 3006 897 3060 159
917 3021 975 3073 sqq.
995 3021 1049 3058 666
1071 3007 1160 3058 totum
1185 3020 1261 3074 opus,
1282 3003 1330 3056 666
1349 3007 1455 3056 tantum

311 3096 436 3161 excerpta
455 3109 486 3146 ex
501 3108 532 3144 eo
547 3091 640 3146 edidit.
660 3093 753 3162 itaque
768 3110 827 3148 cum
843 3092 876 3146 de
890 3093 975 3155 16666,
990 3110 1020 3146 66
1035 3109 1087 3162 666
1102 3091 1154 3146 1661
1169 3093 1197 3144 16
1212 3091 1303 3146 666166
1318 3091 1454 3146 Ρ66161666

313 3180 448 3252 11529130
462 3179 548 3234 adlati
561 3182 704 3246 fluxerunt,
718 3181 824 3236 edoceri
838 3182 945 3250 uellem,
956 3181 1042 3234 uirum
1053 3181 1237 3235 doctissimum
1250 3180 1351 3234 litteris
1366 3181 1457 3234 missIs

310 3269 415 3338 rogaui,
434 3273 473 3333 ut,
494 3269 602 3338 616666
626 3273 750 3324 66666666
773 3270 894 3334 16666666,
914 3287 1019 3324 mecum
1041 3269 1158 3339 benigne
1178 3269 1456 3323 66666666166666.66-

312 3357 422 3428 spondit
439 3357 487 3412 ille
507 3359 620 3412 comiter
638 3375 667 3412 se
685 3359 765 3413 initia
783 3362 890 3413 tantum
914 3359 1101 3428 clausulaeque
1120 3359 1252 3412 eiusmodi
1270 3359 1388 3413 locorum
1409 3357 1456 3412 de·

312 3447 451 3516 scripsisse
471 3450 553 3515 atque
572 3448 653 3501 simul
671 3449 820 3519 complures
839 3448 889 3501 boc
907 3448 987 3501 modo
1007 3447 1162 3517 designatos
1182 3446 1291 3502 adiecit.
1308 3447 1357 3500 1666
1371 3447 1456 3517 igitur

310 3535 342 3589 Ρ.
360 3535 470 3607 Lejay,
489 3534 625 3604 professor
649 3536 818 3598 Parisiensis‚
837 3535 962 3605 precibus
985 3536 1061 3597 meis,
1082 3553 1150 3605 quae
1170 3542 1211 3590 est
1231 3538 1288 3590 eius
1306 3536 1457 3590 liberalitas

312 3630 393 3692 atque
411 3621 575 3689 humanitas,
594 3625 739 3678 obsecutus
758 3625 905 3694 diligenter
925 3628 974 3678 aut
992 3625 1132 3694 exscripsit
1151 3629 1198 3679 aut
1217 3641 1277 3678 cum
1296 3629 1371 3678 textu
1390 3624 1455 3678 Am·

310 3715 437 3768 brosiano
462 3715 584 3769 contulit.
612 3731 665 3783 qua
688 3731 716 3767 re
741 3715 795 3768 iam
819 3719 922 3768 certum
946 3716 1167 3784 exploratumque
1192 3720 1233 3768 666
1261 3717 1385 3783 66666666
1408 3713 1457 3767 1116

313 3803 346 3857 66
366 3803 485 3858 codicem
504 3803 597 3857 classis
616 3802 642 3856 N
660 3802 748 3856 redire
768 3807 849 3872 atque
868 3804 1025 3873 plerumque
1045 3821 1103 3857 eum
1123 3803 1226 3858 familia
1240 3804 1275 3856 N¹
1295 3803 1456 3866 consentire,

313 3891 409 3945 deinde
429 3895 610 3961 excerptorem
630 3891 787 3960 saepissime
807 3896 835 3945 66
854 3891 960 3946 omissis
980 3892 1141 3962 quibusdam
1161 3898 1189 3946 et
1209 3892 1310 3946 additis
1330 3892 1455 3945 6611666-

309 3980 366 4034 tius
384 3981 535 4034 immutatis
554 3980 689 4034 Ambrosii
708 3981 857 4034 orationem
872 3980 1074 4044 deformauisse‚
1089 3981 1205 4051 denique
1218 3981 1343 4035 librarios
1362 3980 1457 4049 negle-

312 4071 407 4137 genter·
426 4069 492 4122 satis
513 4068 602 4122 6111616
621 4085 669 4122 666
688 4069 796 4122 1666666
815 4069 917 4122 1666616
936 4086 985 4123 666
999 4070 1068 4123 61616
1082 4069 1222 4124 illanouis
1236 4070 1321 4123 1116616
1341 4070 1454 4122 auxisse.

310 4157 380 4210 nihil
404 4157 490 4226 igitur
515 4156 586 4224 6666
610 4156 645 4210 66
662 4174 718 4210 rem
743 4158 862 4211 criticam
886 4158 1056 4212 tractandam
1075 4160 1136 4212 usui
1155 4158 1192 4212 sit
1211 4176 1241 4212 ex
1260 4159 1302 4212 his
1323 4139 1456 4226 excerptis

311 4245 452 4298 redundat.
472 4245 690 4315 frequentissIme
711 4263 776 4316 opus
795 4247 867 4314 quod
885 4247 914 4300 in
934 4246 1070 4302 codicibus
1089 4247 1244 4302 inscribitur
1263 4247 1354 4301 ‘Liber
1373 4262 1456 4315 quae-
