3322 4914
695 301 915 354 Praefatio.
1122 327 1127 337 =
1313 303 1372 368 XV

225 499 258 562 in
288 499 439 562 Examero
473 515 533 560 non
561 497 763 578 respexisset.
798 516 833 560 ac
860 517 893 560 re
921 516 997 560 uera
1024 496 1227 561 inueniuntur
1256 497 1283 560 si
1311 516 1371 560 non

227 606 339 681 multa,
369 606 402 668 at
429 605 533 666 tamen
563 602 686 684 aliquot
712 603 861 686 uestigia,
891 605 1008 685 quihus
1037 604 1205 668 edocemur
1231 604 1283 673 hic
1306 603 1373 667 illic

227 710 372 776 Philonis
404 710 502 773 libros
537 709 573 771 de
603 709 727 791 opificio
756 710 874 788 mundi,
887 711 911 795 ¹)
941 710 977 774 de
1007 711 1191 776 aeternitate
1216 709 1372 794 mundit)

229 816 266 880 de
299 815 544 898 prouidentia,³)
573 815 610 879 de
643 816 712 879 uita
739 814 897 901 Moysise)
926 816 954 880 ei
987 820 1058 882 ante
1090 818 1199 882 oculos
1229 821 1372 882 uersatus

227 941 309 986 esse.
340 923 394 986 his
420 923 499 986 adde
523 923 665 987 eiusdem
690 923 816 1000 libmm,
842 924 895 1005 qui
919 926 1001 988 teste
1026 924 1161 988 Eusebio
1186 924 1269 989 Hist.
1295 926 1372 988 eccl.

226 1030 259 1092 II
285 1029 324 1092 18
353 1026 552 1111 Ἀλέξανδρος
574 1025 593 1112 ἢ
618 1030 683 1111 περὶ
705 1037 756 1090 τοῦ
779 1028 871 1108 λόγον
895 1027 976 1114 ἔχειν
999 1032 1036 1091 τὰ
1058 1027 1155 1108 ἄλογα
1179 1032 1242 1112 ζῷα
1264 1030 1373 1094 inscri-

228 1136 327 1211 bitur;
352 1154 424 1198 narn
449 1154 484 1198 ex
508 1135 568 1199 hoc
594 1154 717 1216 quoque
741 1135 772 1198 in
797 1134 917 1223 naturis
945 1135 1128 1198 animalium
1158 1136 1372 1200 describendis

226 1241 416 1306 Ambrosius
442 1241 595 1323 quaedam
620 1241 766 1306 hausisse
789 1240 925 1304 uidetur.
936 1238 961 1326 ⁵)
987 1240 1108 1318 deinde,
1134 1262 1196 1324 qua
1215 1243 1252 1307 de
1271 1263 1303 1306 re
1322 1263 1374 1308 me

227 1348 383 1413 Henricus
416 1347 502 1412 filius
536 1347 673 1424 edocuit,
698 1347 747 1410 bis
782 1347 820 1409 ad
850 1348 1022 1411 orationem
1051 1349 1257 1412 exornandam
1285 1350 1372 1414 locos

228 1475 265 1519 ex
294 1455 497 1526 altercatione
525 1453 677 1518 Hadriani
701 1458 732 1517 et
755 1455 893 1534 Epicteti
924 1454 991 1518 siue
1015 1455 1123 1536 potius
1148 1453 1284 1519 Secundi
1306 1456 1373 1538 phi·
1429 1513 1432 1518 .

227 1561 353 1642 losophi
379 1559 431 1646 (cf.
457 1561 599 1625 Mullach
623 1561 747 1644 Fragm.
772 1561 849 1643 phil.
875 1560 985 1626 Graec.
1010 1561 1126 1645 1518)
1150 1562 1294 1640 intexuit,
1320 1563 1372 1638 74,

229 1672 306 1733 2et
330 1670 359 1746 6,
388 1669 443 1732 ubi
475 1669 571 1732 maris
603 1668 808 1750 pulchritudo
842 1669 1041 1742 describitur,
1076 1673 1108 1731 et
1137 1670 1211 1744 Ill,
1241 1671 1278 1731 21
1315 1689 1372 1751 sq,

228 1776 285 1839 ubi
313 1775 390 1850 solis
418 1773 528 1838 laudes
559 1773 766 1838 celebrantur.
799 1779 848 1838 ter
871 1794 906 1838 ex
929 1775 1146 1855 Xenophontis
1172 1773 1292 1838 Comm.
1318 1773 1372 1840 So·

174 1951 176 1954 ,
228 1881 324 1946 cratis
348 1882 369 1945 l.
389 1881 405 1944 I
425 1900 450 1946 c.
472 1881 493 1942 4
515 1880 603 1946 locos
627 1883 793 1945 mutuatus
818 1883 867 1944 est
886 1879 977 1966 (165,
998 1883 1031 1955 3;
1058 1882 1133 1960 249,
1155 1880 1210 1957 14;
1232 1883 1306 1959 259,
1328 1880 1372 1966 7),

228 1988 314 2070 quud
338 1991 434 2070 capnt
458 1986 645 2051 adulescens
669 1987 714 2051 ita
734 1987 902 2069 diligenter
919 1988 1037 2070 legisse
1057 1987 1193 2064 uidetur,
1214 1989 1372 2052 ut-totum

228 2095 411 2158 memoriter
426 2096 700 2176 complecteretur.
720 2093 777 2157 sed
792 2093 949 2157 exciderat
968 2113 1002 2157 ex
1023 2093 1091 2157 eius
1111 2097 1216 2157 mente
1235 2093 1372 2157 auctoris

226 2201 330 2282 ipsius
354 2200 515 2278 memoria,
540 2200 573 2262 id
596 2200 682 2280 quod
706 2199 835 2282 adparet
858 2219 893 2262 ex
918 2200 962 2264 eis
987 2220 1067 2281 quae
1090 2200 1121 2264 in
1144 2200 1225 2264 libro
1249 2200 1287 2263 de
1305 2199 1373 2263 Noe

229 2309 260 2384 8,
285 2309 327 2370 24
351 2309 510 2390 leguntur.
537 2326 609 2371 curn
634 2306 717 2370 enirn
741 2307 786 2370 ibi
809 2307 976 2372 Philonem
1001 2307 1130 2386 Quaest.
1149 2307 1182 2370 in
1205 2306 1282 2372 Gen.
1303 2307 1334 2369 H
1354 2307 1373 2369 6

229 2417 360 2478 secutus
395 2413 528 2478 eundem
553 2432 647 2494 quem
670 2414 724 2478 Ex.
750 2413 795 2478 VI
819 2416 849 2491 9,
875 2416 915 2478 72
941 2413 1085 2477 adhibuit
1108 2415 1214 2478 locum
1239 2432 1374 2477 comme-

229 2521 429 2597 morauisset,
454 2520 598 2583 Philonis
623 2516 912 2604 uerbis'lluapctrrpc
936 2524 1010 2604 φησί
1034 2520 1185 2602 deceptus
1211 2541 1246 2583 ea
1266 2519 1374 2584 Socra-

227 2630 293 2690 tem
315 2628 346 2690 in
367 2626 503 2709 quodam
522 2627 665 2690 Platonis
684 2627 764 2691 libro
784 2626 921 2708 proferre
941 2627 1087 2707 opinatus
1107 2629 1166 2690 est.
1193 2626 1373 2692 Ciceronem

229 2735 335 2796 autem
369 2752 464 2815 quam
498 2732 640 2796 studiose
672 2732 867 2796 lectitauerit
899 2731 993 2796 multi
1020 2732 1093 2809 loci,
1122 2733 1238 2814 quibus
1267 2733 1374 2798 uerbis

275 2957 293 3026 ¹)
313 2976 338 3011 u.
358 2975 384 3028 p.
410 2959 472 3022 231,
498 2960 530 3012 21
559 2976 610 3026 quo
636 2959 696 3012 loco
723 2962 815 3028 aperte
839 2958 916 3012 Philo
940 2960 1127 3028 impugnatum
1150 2958 1183 3014 cf.
1203 2959 1329 3013 Foerster
1347 2977 1373 3030 p.

229 3048 290 3110 291,
315 3046 376 3100 adn.
400 3048 444 3104 23.
468 3065 527 3101 cunr
545 3047 624 3100 Philo
648 3049 755 3117 saepius
779 3047 851 3100 binis
874 3049 918 3102 uel
938 3049 1019 3100 etiam
1039 3049 1161 3117 pluribus
1179 3048 1246 3102 locis
1267 3047 1374 3101 easdem

228 3151 271 3188 res
295 3137 463 3199 tractauerit,
487 3153 687 3205 nonnumquam
712 3153 776 3189 sane
800 3135 919 3188 dubitari
942 3139 1035 3205 potest
1058 3153 1137 3205 quem
1157 3138 1243 3191 locum
1263 3154 1291 3190 re
1311 3153 1374 3189 uera

229 3224 387 3278 Ambrosius
411 3225 564 3294 respexerit.
592 3229 710 3278 ceterum
733 3225 778 3278 hio
802 3225 899 3278 addam
922 3242 964 3279 me
987 3227 1015 3278 in
1033 3225 1156 3279 Philonis
1180 3227 1246 3279 locis
1270 3225 1373 3294 signifi-

228 3312 323 3366 candis
342 3314 474 3366 sectiones
494 3329 562 3382 quae
577 3314 605 3367 in
619 3314 649 3367 E.
664 3313 785 3367 Richteri
804 3315 923 3368 editione
942 3315 1069 3384 leguntur
1087 3314 1248 3368 indicauisse
1267 3315 1374 3384 paginis

229 3400 310 3454 simul
333 3402 509 3470 uersibnsque
534 3401 661 3455 editionis
680 3400 856 3472 hleugeianae
880 3402 1021 3472 adpositis.
1047 3403 1152 3466 deiude,
1176 3402 1223 3456 ubi
1246 3403 1374 3456 editionis

228 3507 246 3542 a
259 3489 396 3560 Leopoldo
411 3490 486 3547 (lehn
507 3495 534 3544 et
552 3491 635 3544 Paulo
656 3491 807 3545 ll'endlund
825 3494 936 3560 paratae
956 3493 1080 3545 uolumen
1098 3493 1214 3562 primum
1232 3493 1261 3545 in
1279 3510 1374 3546 manus

229 3578 307 3632 u'enit
326 3584 435 3632 —tum
460 3585 550 3632 autom
573 3580 627 3633 iam
650 3597 703 3633 non
727 3597 827 3650 paucae
851 3581 953 3650 primae
976 3581 1062 3649 partis
1085 3581 1211 3650 plagulae
1236 3585 1264 3634 et
1287 3581 1373 3634 multo

155 3688 158 3694 ·
229 3668 320 3736 plures
340 3669 421 3721 etiam
440 3659 551 3722 altahius
571 3669 641 3737 typis
662 3669 808 3738 exscriptae
833 3673 910 3723 erant
929 3700 971 3732 -,
990 3669 1069 3722 huius
1093 3671 1206 3739 paginas
1230 3673 1258 3723 et
1279 3686 1374 3723 uersus

227 3757 357 3811 indicaui.
383 3759 508 3811 uolumen
537 3774 601 3811 uero
630 3758 744 3812 alterum
771 3763 886 3827 utroque
915 3757 1021 3812 demum
1044 3762 1118 3812 tomo
1148 3759 1275 3812 editionis
1298 3774 1374 3812 meae

228 3845 285 3898 fere
306 3846 429 3900 absoluto
450 3847 548 3917 accepi.

276 3933 439 4002 &aad

276 4023 296 4090 ³)
317 4024 348 4080 cf.
372 4025 430 4082 119.
450 4026 466 4078 9
486 4031 513 4079 et
534 4027 594 4093 126,
613 4029 637 4081 5.

276 4112 296 4176 ⁴)
318 4112 351 4165 cf.
371 4117 395 4176 5,
418 4115 458 4167 10.

275 4201 296 4270 ⁵)
316 4203 376 4266 212,
397 4204 443 4266 23;
464 4205 524 4268 219,
545 4206 573 4267 3;
594 4205 653 4267 222,
673 4205 697 4258 8.
