3322 4914
676 353 893 408 Praefatio.

214 601 254 664 N‘
281 598 523 686 (5555511552)
552 620 650 664 laeuos
676 617 764 663 55555
787 599 855 677 MS,
880 600 965 682 quod
989 620 1025 665 en
1048 601 1239 692 glossemate
1261 623 1360 669 55555

215 710 321 771 ortum
358 725 428 770 esse
461 709 517 788 pat
536 709 559 780 1,
600 708 673 783 179,
709 707 747 769 12
780 706 927 786 indeptos
958 707 989 770 Π
1019 708 1174 774 indebitos
1204 710 1244 787 N,
1279 731 1359 793 quae

215 814 395 878 coniectura
427 814 567 896 pessima
597 815 656 890 est,
690 813 765 889 248,
790 814 809 875 2
838 813 991 878 5551115Π
1024 815 1125 879 dulcis
1148 816 1187 894 N,
1217 819 1357 897 55517

215 917 666 1002 515555555Π515555155Ν.
692 919 770 982 adde
789 919 874 1000 quod
894 939 1130 1003 nonnumquam
1154 925 1252 988 uerba
1276 924 1360 990 eodi-

215 1026 305 1090 cibus
330 1024 360 1088 Π
387 1029 472 1091 55515
500 1025 616 1090 tradita
639 1026 670 1089 in
693 1027 724 1090 N
751 1027 872 1092 omissa
896 1031 980 1107 sunt,
1004 1030 1121 1094 ueluti:
1156 1033 1209 1110 65,
1236 1033 1276 1096 19
1300 1054 1360 1098 555

214 1133 280 1195 5155
303 1130 333 1194 Π
359 1152 420 1196 555
443 1133 482 1206 N,
518 1134 569 1209 72,
597 1134 636 1195 19
666 1153 821 1214 equorum
847 1133 882 1196 151
909 1134 938 1199 Π
967 1156 1121 1220 opacorum
1143 1137 1183 1215 N,
1218 1140 1292 1216 189,
1319 1141 1358 1201 19

214 1259 372 1303 commuue
396 1238 586 1302 55551555Π
609 1261 767 1304 55555555
785 1240 825 1318 N,
854 1243 926 1319 199,
949 1244 964 1305 1
985 1264 1041 1308 555
1062 1244 1145 1307 iuter
1166 1265 1198 1308 55
1217 1244 1246 1308 Π
1264 1266 1360 1326 neque

212 1346 253 1410 N.
278 1365 358 1428 5555
382 1365 433 1410 555
456 1366 508 1410 me
530 1347 594 1410 loci
618 1347 774 1424 admonet,
795 1348 851 1430 qui
874 1349 954 1413 mihi
978 1352 1157 1416 accuratius
1177 1353 1360 1418 tractandus

214 1472 283 1518 essa
310 1453 446 1517 uidetur.
483 1474 515 1535 p.
540 1455 615 1529 154,
640 1454 682 1516 25
711 1454 794 1517 enim
823 1455 921 1518 uerba
948 1455 1091 1546 51555551
1108 1456 1257 1543 (deponas
1284 1460 1357 1524 scri·

213 1559 350 1624 bendum
379 1578 449 1624 esse
477 1557 578 1643 patet)
607 1559 708 1622 551551
733 1559 890 1639 feritatem
917 1562 949 1625 in
972 1558 1028 1626 ΠΒ
1059 1568 1167 1629 extant
1188 1565 1220 1628 in
1245 1567 1359 1630 ceteris

214 1665 343 1743 omissa,
374 1685 453 1748 quae
487 1665 561 1747 quin
595 1666 632 1729 ab
660 1666 829 1732 Ambrosio
860 1670 1002 1750 profecta
1031 1671 1094 1733 sint
1127 1670 1263 1736 dubitari
1298 1692 1358 1738 non

212 1775 329 1853 potest.
361 1772 416 1836 sed
433 1772 551 1839 ¹statim
573 1771 605 1837 in
628 1773 660 1837 N
682 1773 759 1837 haec
782 1775 948 1859 leguntur:
967 1781 1070 1856 551551
1094 1776 1198 1854 51515,
1224 1796 1303 1859 quae
1326 1778 1359 1841 in

213 1875 270 1942 ΠΒ
299 1877 423 1942 desunt.
457 1879 662 1943 manifestum
691 1882 798 1944 autem
828 1883 877 1944 est
905 1901 942 1946 55
969 1883 1147 1947 5555555515
1170 1883 1298 1965 requiri,
1323 1886 1360 1948 51

212 1985 367 2049 transitus
392 1985 431 2048 ad
455 2003 491 2048 55
514 2005 595 2067 5555
615 1988 943 2069 5555551555555155.
968 2007 1003 2052 55
1024 1989 1209 2072 saepissime
1228 1989 1359 2054 Ambro-

215 2092 281 2156 sius
311 2111 347 2156 ea
372 2092 532 2182 locutione
560 2092 605 2156 151
633 2093 745 2170 511155,
770 2093 825 2157 551
854 2093 892 2158 de
917 2095 1036 2176 duplici
1059 2093 1123 2160 1551
1146 2096 1281 2160 51155155
1305 2098 1360 2162 551

214 2199 388 2263 5551551155
413 2199 628 2280 explanatione
652 2199 765 2284 agitur.
792 2219 871 2282 5555
896 2219 969 2265 cum
992 2202 1038 2264 ita
1057 2202 1130 2280 sint,
1147 2204 1244 2267 uerba
1255 2208 1360 2284 551551

215 2309 243 2367 51
268 2307 314 2369 sio
341 2325 417 2370 5555
445 2306 581 2388 quodam
610 2307 729 2370 omissa
755 2308 786 2370 in
816 2308 985 2391 archetypo
1015 2313 1070 2372 aut
1102 2329 1197 2390 supra
1228 2329 1358 2374 uersum

213 2412 318 2475 autin
337 2412 509 2496 margine¹)
529 2412 687 2496 adscripta
704 2413 805 2478 fuisse
825 2413 981 2494 existimo,
998 2416 1081 2479 unde
1099 2416 1161 2478 iam
1183 2435 1244 2498 quo
1263 2416 1357 2498 modo

211 2517 243 2581 in
268 2516 324 2581 ΠΒ
353 2519 508 2602 neglecta,
533 2520 564 2583 in
587 2518 617 2582 N
641 2539 716 2584 5555
743 2520 775 2584 15
806 2522 976 2585 uerborum
1000 2522 1139 2601 deponas
1161 2521 1358 2604 5515515151-

212 2627 306 2688 totem
332 2626 439 2690 locum
468 2625 646 2689 substituta
674 2625 738 2690 5151
769 2627 801 2690 15
831 2629 938 2709 555515
968 2631 1026 2693 est.
1065 2626 1137 2692 cum
1164 2628 1264 2712 igitur
1294 2628 1357 2692 iam

213 2733 334 2794 certum
358 2733 453 2813 51555
478 2732 674 2814 exploratum
696 2731 739 2796 511
758 2731 890 2797 classem
912 2730 941 2794 Π
961 2733 1060 2797 511555
1078 2734 1179 2821 multo
1199 2737 1358 2814 praestan·

212 2837 324 2902 tiorem
358 2857 439 2915 5555,
467 2838 522 2902 551
549 2839 588 2902 115
616 2838 706 2914 15515,
738 2838 854 2920 551555
884 2843 916 2902 51
943 2839 1040 2903 55155
1065 2839 1101 2902 'et
1129 2839 1216 2903 illius
1245 2839 1357 2904 5155515

213 2943 367 3026 555151555
390 2944 464 3008 ferri
486 2947 603 3027 potest,
629 2963 697 3008 eam
721 2963 815 3027 quam
835 2942 864 3006 Π
883 2948 1014 3009 1555155
1036 2946 1193 3026 praeferre
1217 2965 1278 3010 non
1303 2946 1359 3010 du·

210 3050 288 3127 5115,
318 3051 421 3115 551511
452 3051 502 3130 12,
528 3053 569 3114 22
593 3050 790 3115 555151155Π
819 3050 1056 3115 5555515555Ν
1078 3089 1120 3096 —
1144 3071 1217 3115 nam
1241 3071 1359 3126 555555-

211 3158 322 3234 torem,
351 3175 424 3221 oum
456 3158 488 3221 in
521 3158 619 3222 55555
648 3157 787 3240 simplici
816 3157 967 3220 5551511555
999 3158 1193 3234 offendisset,
1228 3157 1358 3223 solitum

210 3263 393 3327 inscribitur
415 3263 563 3328 intulisse
587 3263 792 3328 manifestum
817 3266 867 3327 est
887 3301 940 3341 —,
960 3264 1012 3340 54,
1035 3265 1074 3327 11
1100 3264 1146 3326 ott
1170 3262 1198 3327 Π
1222 3264 1359 3328 511511-

210 3369 291 3432 nihil
312 3369 509 3451 frequentius
534 3373 583 3435 est
606 3389 701 3452 quam
723 3370 837 3434 horum
861 3371 1032 3435 uerborum
1055 3370 1086 3433 in
1110 3370 1200 3435 libris
1221 3389 1359 3460 commu-

210 3475 300 3554 tatio,
325 3495 416 3558 quae,
437 3477 465 3541 si
489 3477 677 3559 scripturam
699 3476 970 3559 langobardicam
996 3481 1132 3560 spectac,
1152 3477 1244 3542 facile
1264 3477 1359 3561 expli-

212 3583 302 3646 catur
325 3618 379 3659 —,
413 3583 465 3658 59,
492 3584 532 3646 19
560 3583 703 3646 cosmica
726 3581 756 3645 Π
783 3590 935 3647 noscatur
957 3585 996 3659 N,
1032 3585 1083 3662 70,
1109 3585 1127 3648 6
1151 3584 1307 3669 frequenti
1329 3583 1359 3648 Π

210 3687 402 3767 fremente'N
425 3725 469 3733 —
492 3708 565 3753 nam
587 3688 733 3768 frequens
755 3690 926 3771 respondet
950 3689 1070 3755 Graeco
1094 3691 1189 3761 πολύς
1213 3711 1231 3755 5
1253 3691 1358 3774 555115

211 3775 272 3858 555
294 3793 388 3856 modo
413 3797 565 3877 usurpato
589 3832 643 3872 -,
669 3795 745 3872 257,
770 3796 811 3858 23
835 3796 937 3859 mollis
961 3793 990 3857 Π
1012 3795 1135 3859 55511155
1157 3796 1197 3861 Ν.

256 3897 318 3964 Sed
342 3899 403 3962 etsi
426 3900 531 3982 potior
554 3901 620 3964 sine
644 3901 741 3965 dubio
766 3904 816 3965 est
840 3901 953 3966 classis
977 3901 1006 3966 Π
1029 3902 1108 3966 fides
1133 3905 1228 3986 atque
1253 3905 1359 3967 auoto-

257 4081 276 4149 ¹)
297 4082 446 4152 exemplum
467 4083 524 4136 eius
541 4083 582 4136 rei
599 4082 684 4137 habes
702 4101 729 4152 p.
750 4083 809 4150 101,
829 4084 862 4136 12
883 4083 928 4148 (of.
948 4084 1007 4146 102,
1023 4087 1060 4151 6),
1075 4085 1199 4154 quoloco
1214 4085 1242 4138 15
1259 4086 1352 4138 arche-

210 4174 275 4241 typo
295 4169 416 4224 codicum
435 4170 460 4225 Π
479 4171 563 4224 55555
582 4171 690 4224 auxilio
708 4188 776 4224 nam
793 4171 857 4238 1555
870 4172 1052 4240 protectionis
1071 4173 1171 4228 omissa
1190 4175 1217 4226 in
1236 4174 1359 4244 margine

210 4259 349 4329 adscripta
367 4263 451 4314 55551.
472 4277 541 4330 5555
559 4263 652 4331 555155
673 4259 733 4312 1555
752 4261 846 4329 inepto
867 4259 894 4312 in
914 4260 1064 4315 orationem
1082 4261 1160 4314 illata
1178 4267 1251 4316 sunt.
