3322 4914
709 446 928 500 Praefatio.
1275 451 1394 516 LXVII

243 643 435 710 lectionibus
465 646 521 708 aut
549 662 584 706 ex
612 644 639 707 D
668 643 738 726 ipso
768 647 824 708 aut
852 663 888 708 ex
916 643 1023 709 codice
1052 644 1121 709 eius
1147 644 1270 729 generis
1294 644 1392 709 illatis

244 753 324 816 hanc
358 770 439 834 quae
467 769 549 814 nune
577 751 609 815 in
639 749 662 814 C
693 753 724 814 et
750 749 785 816 M
814 750 1010 830 conspicitur
1038 752 1189 815 orationis
1219 751 1392 815 conforma-

242 858 364 923 tionem
387 857 541 922 extitisse.
567 861 661 939 atque
686 857 795 921 eadem
816 857 880 920 fere
900 857 938 920 de
958 857 984 920 B
1005 856 1108 921 dicere
1127 857 1212 934 licet,
1232 857 1296 938 qui,
1318 877 1391 923 oum

242 964 336 1030 modo
366 963 405 1028 ad
427 964 464 1042 Ρ,
490 963 584 1028 modo
613 964 653 1028 ad
675 965 701 1027 Τ
725 967 757 1028 et
779 964 807 1028 D
832 963 971 1042 accedat,
997 982 1033 1027 ex
1055 964 1136 1028 libro
1160 963 1258 1028 uariis
1287 965 1390 1030 modis

241 1073 412 1136 retractato
435 1071 599 1154 profectus
624 1073 683 1136 est.

284 1177 423 1242 Maurini
455 1180 580 1259 praeter
606 1176 641 1255 P,
672 1195 734 1259 quo
767 1196 829 1242 non
858 1196 894 1240 ea
925 1195 987 1259 qua
1010 1176 1144 1240 decebat
1166 1176 1333 1261 diligentia
1356 1178 1388 1241 in

240 1285 301 1348 hoc
327 1286 465 1348 tractatu
493 1283 686 1348 emendando
714 1283 765 1348 usi
793 1286 879 1362 sunt,
908 1286 941 1348 et
971 1283 1029 1349 OM
1056 1283 1269 1348 adhibuerunt
1291 1285 1389 1350 Ualli-

241 1391 423 1468 olarensem‚
449 1408 542 1470 quem
567 1409 585 1454 a
607 1389 642 1452 T*
668 1389 830 1454 diuersum
854 1389 955 1454 fuisso
978 1390 1154 1471 putendum
1183 1390 1275 1476 est1)‚
1300 1390 1388 1456 Uati·

240 1515 334 1562 canos
360 1497 438 1560 duos
463 1495 549 1580 (Uat.
573 1496 658 1578 bybl.
684 1497 756 1561 Uet.
782 1499 845 1562 ant.
871 1497 935 1560 269
960 1500 992 1561 et
1015 1496 1090 1563 Urb.
1111 1496 1164 1576 41,
1190 1497 1310 1562 saeculi
1328 1498 1388 1561 XV

238 1602 468 1689 utrumque)²)‚
493 1604 725 1668 Tornaccnsem
749 1606 908 1668 recentem
932 1606 965 1668 et
986 1603 1147 1668 Duaoensi
1174 1604 1385 1681 simillimum,

238 1710 374 1792 denique
401 1710 671 1794 Longipontinum
700 1714 732 1774 ot
757 1709 872 1793 ipsum*
893 1713 1051 1774 recentem
1081 1712 1174 1792 atque
1206 1729 1242 1774 ex
1266 1711 1290 1773 P
1314 1710 1384 1792 ipso

236 1821 274 1881 ut
296 1818 425 1882 uidetur
448 1817 638 1895 deriuatum
663 1835 757 1898 quem
781 1817 899 1881 frustra
923 1815 1078 1898 quaesiui.
1111 1835 1147 1879 ex
1174 1816 1255 1881 libro
1279 1815 1384 1880 Noua-

235 1925 332 1988 riensi
356 1923 520 1990 simillimo
544 1923 687 1986 manauit
708 1922 913 1987 Amerbaohii
937 1923 1046 1988 editio.

280 2030 446 2095 Librorum
476 2029 592 2113 quibus
621 2029 751 2112 scriptio
781 2029 818 2094 de
846 2029 1044 2093 Abraham
1071 2029 1163 2094 nobis
1191 2029 1308 2094 tradita
1332 2033 1520 2096 estunam..

236 2135 297 2201 duo
323 2156 436 2221 genera
459 2139 545 2213 sunt,
569 2155 705 2218 quorum
729 2136 827 2200 altero
850 2136 924 2201 libri
948 2136 1051 2215 ambo,
1072 2137 1171 2201 altero
1190 2136 1276 2218 prior
1294 2135 1381 2212 solus

235 2243 427 2320 contimtum
451 2243 503 2307 hio
528 2243 612 2307 eninr
635 2243 740 2307 medio
765 2261 842 2308 aeuo
866 2243 968 2308 multo
988 2242 1186 2325 frequentius
1205 2242 1380 2326 legebatur.

232 2367 334 2430 neque
357 2366 432 2412 uero
457 2348 621 2412 miraberis
646 2367 719 2412 eum
743 2348 834 2412 alteri
851 2348 1029 2430 praelatum
1054 2368 1133 2415 esse.
1159 2349 1275 2413 etenim
1292 2349 1380 2413 iacil-

231 2455 330 2518 limus
353 2455 519 2519 intellectu
543 2460 593 2521 est
617 2476 652 2520 ao
675 2458 763 2520 totus
786 2456 818 2519 in
842 2455 1018 2539 praeceptis
1038 2475 1117 2538 quae
1139 2456 1178 2519 ad
1196 2475 1299 2521 mores
1319 2458 1379 2521 for·

231 2561 363 2626 mandos
387 2561 662 2644 emendandosque
685 2561 844 2644 pertinent
860 2567 1017 2639 uersatur,
1035 2562 1069 2625 id
1090 2562 1175 2644 quod
1192 2562 1378 2628 Ambrosius

231 2667 300 2748 ipse
327 2668 402 2732 libri
429 2667 559 2732 alterius
583 2668 676 2732 initio
699 2667 749 2732 his
773 2669 879 2733 uerbis
905 2667 1092 2733 declararit:
1126 2670 1287 2732 ‘moralem
1312 2669 1380 2749 qui-

231 2773 303 2838 dem
325 2775 433 2839 locum
456 2776 615 2857 persecuti
640 2794 751 2839 snmus
775 2795 838 2857 qua
859 2775 1024 2858 potuimus
1048 2775 1231 2839 intellectus
1257 2776 1378 2857 simpli-

231 2880 337 2958 citato,
363 2884 400 2945 ut
428 2882 482 2962 qui
509 2882 622 2965 legunt
644 2901 769 2946 morum
794 2881 856 2945 sibi
878 2881 1004 2963 possint
1027 2883 1150 2946 haurire
1173 2882 1376 2966 magisteria,

230 2987 319 3065 alter,
334 2990 439 3050 autem
463 2987 543 3052 liber
563 2988 699 3070 mystica
718 3007 780 3070 qua
800 2989 935 3070 scriptor
952 3008 1031 3053 usus
1052 2993 1102 3053 est
1119 2989 1376 3072 interpretatione
1434 3035 1436 3039 -

230 3112 328 3176 eaque
347 3093 431 3157 baud
449 3113 519 3158 raro
540 3096 674 3159 obscura
692 3094 835 3160 homines
855 3095 924 3159 eins
944 3096 1057 3160 aetatis
1077 3095 1250 3178 repellebat
1268 3096 1375 3178 potius

228 3217 323 3280 quam
347 3198 526 3264 adiiciebat.
551 3219 613 3282 qua
636 3221 669 3265 re
687 3202 808 3266 factum
828 3205 878 3265 est
896 3204 934 3266 ut
952 3201 1065 3286 exigno
1085 3205 1210 3266 tanturn
1230 3202 1375 3267 codicum

227 3324 358 3370 numero
392 3306 488 3370 huius
521 3307 595 3371 libri
627 3307 780 3372 memoria
812 3312 938 3372 seruata
971 3309 1023 3374 sit.
1062 3326 1098 3373 ao
1126 3309 1216 3372 nobis
1251 3309 1372 3402 generis

226 3410 338 3492 prioris
362 3411 447 3474 idem
471 3431 551 3493 quos
574 3411 606 3475 in
630 3414 783 3494 opusculo
807 3412 845 3476 de
864 3412 933 3478 Noc
957 3412 1151 3478 emendando
1171 3413 1372 3480 adhibuimus

271 3643 292 3710 1)
311 3645 430 3700 Meurini
449 3647 503 3700 uol.
523 3645 537 3698 1
556 3664 581 3716 p.
602 3647 654 3700 244
674 3664 701 3700 se
722 3650 850 3715 quattuor
867 3648 895 3700 in
915 3648 1012 3716 quibus
1030 3651 1164 3702 tractatus
1185 3649 1217 3703 de
1232 3649 1290 3703 Noe
1308 3650 1371 3706 inde

226 3749 241 3786 a
260 3735 379 3787 sectione
397 3736 433 3788 44
451 3734 609 3788 ordiebatur
628 3734 766 3790 codicibus
780 3753 842 3789 usos
858 3753 916 3792 esse
931 3735 1034 3800 dicunt,
1049 3736 1205 3791 Colbcrtino
1219 3739 1370 3793 Macarineo

225 3820 397 3887 Tornaeensi,
417 3822 534 3892 denique
557 3823 751 3889 Ualliclarensi,
772 3842 851 3893 quem
870 3824 989 3879 eiusdem
1010 3829 1091 3895 atque
1107 3824 1292 3880 Colbertinum
1311 3845 1369 3881 sae-

225 3909 278 3962 culi
296 3909 379 3964 fuisse
398 3911 528 3965 referunt.
549 3929 580 3966 ac
599 3912 753 3982 duae'quas
773 3931 803 3967 cx
822 3914 1012 3972 Ualliclarensi
1036 3919 1216 3969 enotauerunt
1239 3915 1369 3971 lectiones

223 3997 258 4050 ad
277 3999 411 4052 sectiones
430 4001 464 4054 45
485 4004 513 4054 et
532 4001 566 4055 95
586 4001 732 4072 pertinent.
747 4001 795 4055 sed
810 4003 906 4056 mirum
920 4021 985 4057 sane
1000 4007 1042 4057 est
1057 4020 1102 4057 eos
1117 4003 1215 4056 librum
1234 4005 1274 4066 T‘,
1290 4021 1369 4072 quern

222 4088 380 4141 monasterii
404 4093 513 4142 sanctae
538 4089 640 4144 Mariae
665 4089 698 4143 de
723 4090 795 4144 clara
813 4092 884 4144 ualle
904 4092 988 4146 fuisse
1007 4108 1089 4161 supra
1108 4091 1229 4154 diximus,
1249 4096 1367 4146 autnon

221 4175 329 4229 nouisse
349 4180 397 4230 ant
416 4177 574 4246 neglexisse.

267 4261 287 4330 ²)
308 4264 439 4318 simillimi
465 4269 529 4320 sunt
555 4265 641 4320 codici
660 4266 698 4332 T‘,
718 4267 766 4320 sed
792 4268 865 4337 prior
887 4270 994 4322 tantum
1019 4268 1051 4322 de
1075 4268 1212 4323 Abraham
1234 4267 1304 4320 liber
1328 4269 1366 4321 eis

222 4353 381 4407 continetur.

1299 4462 1328 4514 e*
