3342 4920
299 319 363 384 600
690 341 694 348 ·
772 316 968 373 Ambrosii

300 513 444 576 caelum
483 517 519 576 et
559 517 710 591 terram,
742 515 802 579 hoe
839 517 889 578 est
924 514 1167 598 intellegibilem
1209 518 1241 578 et
1281 513 1442 578 risibilem

300 619 526 695 substantiam:
550 620 770 703 intellegibilis
794 621 876 684 onim
900 621 971 685 usia
995 621 1118 684 caelum
1142 624 1201 698 est,
1225 620 1364 684 risibilis
1392 619 1445 683 uel

300 724 460 789 sensibilis
489 725 667 790 substantia
693 729 777 790 terra
805 730 863 792 est.
898 746 971 810 ergo
1001 726 1161 809 significat
1184 727 1444 808 quod'uirtutem

300 831 423 894 animae
456 849 531 896 suae
564 831 603 895 ad
636 831 797 913 superiora
830 832 986 910 extendat,
1018 835 1056 896 nt
1088 853 1124 896 ex
1155 832 1212 896 illa
1241 832 1444 914 intellegibili
1512 841 1534 894 Β

301 937 479 1020 substantia
502 938 695 1002 theoreticae
720 939 806 1002 uitae
829 939 941 1002 induat
974 938 1186 1016 altitudinem,
1213 941 1360 1021 spectans
1385 958 1446 1002 non
1478 960 1492 998 a

300 1043 357 1108 illa
375 1062 455 1124 quae
474 1044 633 1120 uidentur,
653 1044 709 1108 sed
728 1063 808 1127 quae
828 1063 888 1109 non
907 1044 1066 1122 uidentur,
1086 1047 1146 1110 hoc-
1165 1048 1293 1109 estnon
1313 1048 1448 1121 terrena,

301 1167 362 1213 non
395 1150 578 1232 corporalia,
607 1169 668 1214 non
696 1151 883 1232 praesentia,
913 1151 969 1215 sed
996 1151 1205 1233 incorporalia
1232 1153 1357 1216 aeterna
1381 1170 1448 1214 cae-

301 1257 405 1332 lestia,
443 1258 481 1320 de
515 1259 578 1322 ista
614 1262 720 1324 autem
757 1258 880 1322 nisibili
917 1258 1097 1323 substantia
1129 1259 1321 1341 operatoriae
1353 1262 1447 1340 atque

302 1363 407 1428 ciuilis
432 1363 617 1446 disciplinae
641 1368 787 1447 capessat
810 1365 954 1448 gratiam.

249 1474 290 1536 47
348 1469 517 1534 Subteruit
552 1471 603 1535 his
641 1471 804 1536 oraculum
842 1471 961 1536 domini
998 1463 1145 1536 dicentis:
1186 1472 1263 1536 noli
1303 1472 1448 1565 timere,
1469 1493 1495 1532 10

305 1577 500 1653 Abraham3
536 1597 602 1661 ego
631 1583 824 1662 protegam
853 1581 899 1642 te.
927 1598 1070 1643 merces
1095 1585 1160 1642 tua
1184 1581 1350 1654 <inulta>
1378 1579 1450 1642 erit

303 1684 423 1748 ualde.
457 1703 572 1766 quaero
601 1703 657 1748 cur
678 1688 753 1766 post
775 1685 853 1749 belli
876 1689 1047 1751 euentum?
1072 1685 1271 1767 spondendae
1295 1684 1449 1749 mercedis
1519 1693 1539 1748 G

302 1790 393 1854 locus
430 1808 512 1854 nnnc
551 1792 626 1854 erat.
665 1789 771 1854 minus
804 1789 887 1853 enim
920 1789 1064 1854 mirabile
1096 1791 1225 1869 faceret,
1259 1791 1286 1856 si
1319 1794 1449 1856 secutus

302 1895 495 1977 promissum
515 1896 567 1960 dci
586 1899 671 1960 esset
689 1897 814 1961 hostem
834 1895 976 1960 adorsus.
1000 1897 1152 1962 uictoriae
1171 1917 1303 1962 securus
1326 1916 1450 1981 prooes-

305 2006 389 2068 serat
430 2002 469 2066 ad
505 2002 705 2085 triumphum
741 2001 844 2086 magis
881 2002 1038 2067 inuitatus
1076 2023 1169 2084 qnam
1208 2007 1373 2087 promptus
1410 2003 1449 2068 ad
1472 2025 1496 2064 aa

306 2109 439 2192 gloriam
467 2109 519 2172 uel
547 2109 587 2172 ad
614 2109 833 2174 ulciscendum
860 2094 990 2192 pietatis
1014 2110 1154 2176 dolorem
1176 2114 1316 2194 paratus.
1340 2129 1450 2194 propo·

261 2255 262 2260 κ
306 2216 404 2280 situm
437 2214 507 2297 piae
539 2215 655 2280 mentis
688 2215 865 2280 mercedem
896 2236 957 2281 non
987 2216 1113 2298 expetit,
1142 2216 1196 2282 sed
1224 2236 1279 2299 pro
1307 2217 1449 2290 mercede

305 2323 401 2386 hahet
418 2321 492 2386 boni
510 2320 587 2386 sacti
606 2322 830 2386 conscientiam
850 2324 883 2387 et
900 2322 979 2387 iusti
998 2323 1102 2404 operis
1122 2323 1279 2388 effectum.
1298 2327 1450 2407 angustae

307 2431 428 2492 mentes
460 2429 636 2492 inuitentur
666 2428 843 2509 promissis,
878 2428 1039 2512 erigantur
1071 2429 1205 2510 speratis
1238 2429 1451 2494 mercedibus:

307 2537 389 2601 bona
420 2554 520 2613 mens,
548 2554 628 2618 qnae
657 2534 723 2600 sine
751 2533 896 2616 responsi
920 2535 1066 2599 caelestis
1092 2536 1270 2619 syngrapha
1293 2538 1450 2601 certamen
1471 2543 1540 2596 son

307 2642 448 2724 arripuit,
472 2641 615 2724 geminae
638 2641 743 2706 laudis
766 2642 908 2706 fructum
932 2639 1070 2723 adquirit
1092 2641 1164 2719 sihi,
1188 2648 1225 2707 ut
1248 2645 1280 2708 et
1298 2641 1451 2706 confiden-

305 2748 450 2837 tissimae
481 2746 677 2812 fortitudinis
706 2750 737 2811 et
764 2747 968 2829 plenissimae
998 2747 1177 2812 deuotionis
1201 2749 1335 2832 gratiam
1356 2747 1451 2815 locet.

308 2855 392 2936 quod
417 2854 454 2918 de
478 2856 587 2918 sancto
612 2853 770 2918 Abraham
794 2853 955 2918 aestimari
979 2853 1136 2929 conuenit,
1162 2854 1236 2936 qnia
1258 2857 1291 2919 et
1309 2854 1453 2918 diuinum

306 2963 449 3026 fauorem
467 2979 528 3024 non
548 2961 708 3042 despicere
727 2961 823 3024 iustis
842 2960 931 3025 duxit
950 2959 1111 3024 doloribus
1132 2964 1164 3024 et
1179 2961 1304 3025 hostem
1318 2961 1455 3043 perculit

309 3069 461 3149 despectu
497 3066 640 3150 periculi,
678 3068 763 3148 quod
800 3066 937 3150 gloriose
975 3066 1036 3132 sibi
1072 3086 1127 3147 pro
1165 3067 1284 3132 ultione
1321 3068 1451 3150 pietatis
1471 3084 1498 3124 2⁵

309 3173 508 3238 subeundum
541 3173 678 3254 putauit.
717 3174 766 3238 dei
799 3192 924 3257 quoque
955 3173 987 3237 in
1021 3191 1057 3236 eo
1090 3173 1289 3255 praedicatur
1317 3175 1453 3252 institia,

400 3382 433 3436 10
453 3381 518 3435 Gen.
541 3382 581 3444 15,
602 3383 615 3435 1

346 3523 362 3576 3
381 3526 471 3576 eterra
490 3525 517 3589 (a
529 3539 575 3590 pr.
595 3526 676 3588 cras.)
695 3522 723 3574 P
775 3523 790 3575 7
810 3521 1039 3591 incorpojRALIA
1060 3523 1180 3587 (RALIA
1199 3529 1277 3578 caetra
1290 3541 1317 3577 a.
1332 3541 1367 3579 m.
1383 3528 1452 3590 ant.)

309 3613 337 3666 P
407 3613 423 3664 9
443 3615 567 3680 capesset
583 3610 646 3664 DN
718 3611 747 3664 ll
770 3611 857 3664 multa
876 3611 928 3664 erit
946 3609 986 3663 ed.
1005 3610 1084 3665 Rom.
1106 3612 1157 3664 erit
1174 3629 1273 3681 magna
1291 3613 1318 3664 B
1338 3613 1388 3666 erit
1405 3618 1453 3666 cet.

312 3702 344 3755 13
362 3716 433 3754 nunc
452 3715 485 3753 cx
503 3716 556 3753 non
575 3700 658 3753 maP
732 3699 835 3753 faceret
854 3698 1007 3770 exspueret
1025 3699 1053 3751 P
1125 3700 1156 3753 14
1175 3704 1284 3763 secutus
1305 3703 1367 3766 (ra.
1387 3704 1410 3766 t)
1430 3702 1457 3754 P

312 3791 344 3844 16
363 3787 547 3842 ulciscendum
567 3788 591 3857 (c
606 3804 651 3856 pr.
670 3805 691 3842 a.
710 3805 738 3844 u.
758 3792 818 3854 m2)
835 3789 863 3840 P
914 3789 945 3841 17
967 3787 1117 3842 mercedem
1137 3793 1216 3842 extro
1234 3805 1261 3840 a.
1281 3793 1329 3842 m2
1346 3790 1380 3853 P,
1399 3807 1455 3842 mc·

309 3877 391 3930 rende
413 3876 472 3930 cM
543 3877 575 3930 18
595 3877 720 3931 affectum
739 3877 801 3931 DN
864 3878 1022 3931 19'mentes
1043 3882 1068 3943 (e
1089 3879 1137 3931 alt.
1157 3893 1190 3931 cac
1208 3877 1228 3942 i)
1247 3877 1276 3932 P
1341 3879 1375 3933 20
1394 3897 1455 3948 syn-

311 3967 414 4036 grapha
428 3967 456 4019 B
475 3967 620 4036 singrapha
634 3965 670 4018 M
687 3965 807 4034 singrasa
826 3971 873 4019 cet.
929 3966 962 4019 21
984 3965 1102 4035 adquirit
1121 3966 1173 4020 sibi
1190 3982 1242 4020 om.
1257 3966 1288 4020 N
1358 3971 1386 4020 ct
1404 3984 1455 4022 ona.

315 4054 372 4108 OM
452 4055 692 4118 confidentissimae
711 4054 740 4124 (d
757 4071 778 4109 s.
798 4057 821 4120 t)
841 4054 869 4107 P
939 4055 974 4108 22
994 4057 1021 4106 et
1038 4071 1060 4107 a.
1079 4071 1107 4108 aa
1126 4056 1155 4108 P
1225 4055 1259 4110 23
1279 4055 1407 4108 conuenit
1425 4072 1457 4109 ec

215 4181 228 4202 .
312 4139 426 4198 conaret
443 4144 471 4196 P
536 4144 571 4196 24
590 4143 727 4212 despicere
746 4143 844 4211 scripsi
863 4143 966 4212 despici
985 4143 1012 4196 B
1031 4142 1133 4212 despici
1152 4161 1180 4198 se
1201 4150 1248 4198 cet.
1323 4143 1484 4220 erroribus¹

311 4229 402 4285 NCM
454 4233 488 4285 26
508 4231 673 4300 subeundern
695 4236 721 4297 (v
739 4248 760 4286 s.
781 4232 806 4302 e)
825 4232 853 4284 P
884 4261 886 4266 ,
