3322 4914
356 371 419 435 ΗΠ
816 367 1036 421 Praefatio.

356 568 519 645 tamquam
553 582 651 626 unum
686 561 877 645 opusculum
910 561 1095 627 coniunctos
1123 561 1241 645 legisse
1265 581 1337 626 mor
1361 581 1525 646 compro-

356 671 494 737 babitur.
530 688 622 753 porro
661 689 696 733 er
732 668 850 747 uerbis,
883 688 963 751 quae
1000 669 1032 732 in
1064 669 1145 733 libro
1179 670 1217 732 de
1249 669 1339 734 issac
1373 671 1451 748 663,
1495 673 1522 736 8

357 779 521 862 leguntur:
549 777 621 840 ‘iam
653 776 816 859 praeteriit
847 777 982 858 hiemps,
1010 776 1043 840 id
1071 779 1122 840 est
1148 777 1237 840 uenit
1263 779 1390 858 pascha,
1414 778 1524 842 uenit

357 884 565 967 indulgentia,
586 883 715 947 aduenit
737 883 882 948 remissio
906 885 1120 965 peccatorum‘
1138 902 1200 948 non
1224 884 1291 948 siue
1310 883 1377 948 ueri
1398 885 1521 968 specie

359 991 496 1056 conicias
521 991 570 1056 his
595 1009 674 1073 quae
698 1009 773 1054 sane
797 990 836 1054 ad
854 990 960 1053 Iocum
980 988 1102 1054 Cantici
1121 991 1151 1070 2,
1174 992 1211 1054 11
1232 989 1543 1074 interpretandum

359 1097 515 1181 pertinent
548 1097 643 1162 simul
673 1101 801 1179 tempus
835 1095 1064 1175 sermonum,¹)
1097 1115 1132 1160 er
1166 1097 1281 1178 quibus
1313 1097 1342 1160 is
1373 1097 1518 1162 libellus

359 1207 495 1281 constat,
527 1203 669 1268 indicari.
703 1222 739 1267 ao
771 1207 932 1285 praeterea
964 1202 1114 1266 orationis
1143 1203 1298 1268 indicIum
1326 1204 1521 1268 continetur

359 1311 466 1375 uerbis
492 1311 567 1388 696,
594 1312 633 1373 19
658 1310 787 1375 ‘audisti
810 1310 957 1374 dudum
981 1309 1160 1376 dicentem'.
1186 1311 1377 1393 opusculum
1397 1313 1514 1375 autem

361 1418 400 1481 de
436 1417 517 1481 bono
550 1417 663 1481 mortis
695 1437 731 1481 ex
764 1417 962 1482 sermonibus
996 1416 1219 1480 concinnatum
1252 1436 1322 1482 esse
1362 1417 1518 1483 clausula

359 1524 416 1588 illa
448 1525 479 1588 in
512 1525 598 1588 calce
632 1522 764 1601 adiecta,
798 1522 889 1586 cuius
918 1541 1013 1605 supra
1035 1523 1228 1588 mentionem
1250 1523 1397 1601 16011006,
1422 1542 1514 1588 com·

360 1631 487 1714 probari
515 1630 651 1696 uidetur.
679 1628 867 1694 accedamus
895 1629 958 1693 iam
982 1629 1021 1693 ad
1042 1629 1161 1694 librum
1185 1629 1223 1694 de
1245 1631 1325 1710 Noe,
1351 1631 1389 1695 de
1413 1631 1513 1695 euius

361 1736 483 1821 origiue
515 1736 601 1800 idem
633 1735 787 1818 suspicari
819 1736 905 1800 licet.
938 1735 1098 1801 artissimo
1132 1737 1215 1802 enim
1248 1756 1321 1801 cum
1347 1737 1439 1802 libris
1470 1738 1513 1801 de

361 1845 520 1909 Abraham
545 1843 673 1908 uinculo
699 1842 918 1907 consociatum
941 1862 1012 1907 esse
1036 1863 1072 1907 ea
1097 1844 1231 1926 quaein
1255 1845 1368 1908 horum
1391 1844 1510 1927 prioris

362 1951 463 2016 fronte
495 1949 634 2034 legimus
668 1951 839 2014 testantur:
873 1951 1031 2031 ‘quoniam
1055 1970 1112 2033 per
1135 1949 1275 2015 ordinem
1298 1951 1394 2015 huius
1420 1971 1511 2033 quo·

363 2076 437 2140 que
468 2057 663 2139 patuarohae
697 2059 787 2140 gesta
819 2055 1015 2121 considerare
1045 2057 1185 2121 animum
1214 2057 1333 2122 subiit'.
1364 2057 1420 2122 sed
1447 2058 1511 2122 hoe

361 2163 431 2229 loco
456 2163 546 2228 nobis
571 2163 694 2228 occasio
720 2163 825 2227 oblata
849 2183 920 2228 esse
942 2164 1080 2244 uidetur,
1100 2168 1137 2229 ut
1161 2165 1199 2229 de
1223 2163 1404 2229 Cassiodori
1425 2164 1509 2242 loco,

362 2269 418 2352 qui
449 2270 528 2334 Inst.
562 2269 659 2334 dinin.
692 2269 755 2334 litt.
788 2271 801 2333 l
835 2273 979 2335 sanctum
1012 2270 1217 2335 Ambrosium
1251 2271 1288 2334 de
1320 2270 1509 2352 patriarchis

365 2380 486 2460 septem
514 2377 612 2441 libros
641 2376 778 2441 edidisse
806 2377 911 2455 refert,
935 2378 1113 2442 accuratius
1143 2379 1354 2461 disputemus.
1379 2380 1507 2442 etcum

364 2484 392 2547 is
426 2503 452 2547 c.
488 2485 506 2545 5
539 2483 744 2548 Ambrosium
778 2483 817 2546 de
843 2484 933 2548 Isaac
965 2483 997 2547 in
1025 2483 1105 2549 libro
1133 2485 1227 2549 tertio
1260 2485 1508 2568 patriarcharum

363 2590 509 2655 locutum
541 2609 612 2654 esse
645 2590 766 2668 dixerit,
799 2590 831 2653 id
868 2590 1005 2673 primum
1039 2592 1209 2672 quaeritur,
1247 2595 1354 2656 utrum
1391 2591 1505 2655 librum

363 2697 501 2779 primum
526 2699 558 2761 et
576 2697 709 2760 alterum
729 2697 767 2761 de
786 2697 945 2761 Abraham
963 2701 1126 2779 tamquam
1146 2699 1226 2763 duos
1245 2699 1276 2762 in
1297 2698 1507 2779 computando

366 2822 436 2867 esse
460 2803 600 2867 uoluerit
623 2822 659 2867 an
683 2803 757 2866 illos
781 2805 943 2885 tamquam
968 2779 1066 2868 unum
1090 2822 1160 2868 esse
1184 2807 1216 2868 et
1242 2803 1380 2886 primum
1403 2803 1506 2867 Iocum

366 2908 555 2991 opusculum
590 2907 627 2970 de
660 2908 728 2972 Noe
765 2908 907 2972 obtinere
939 2907 1176 2992 siguificauerit.
1214 2929 1286 2973 nam
1319 2929 1504 2991 quamquam

366 3015 554 3080 Ambrosius
577 3015 609 3078 in
632 3014 708 3078 libri
732 3015 769 3079 de
792 3015 906 3096 Ioseph
937 3015 1063 3080 exordio
1089 3019 1214 3081 tantum
1237 3016 1398 3081 Abrabam
1420 3017 1505 3080 Isaac

366 3122 460 3186 Iacob
486 3121 757 3197 commemorauit,
781 3121 849 3185 Nos
873 3125 979 3186 autem
1003 3139 1064 3186 non
1088 3123 1274 3201 nominauit,
1298 3126 1403 3186 tamen
1426 3123 1504 3186 hune

368 3247 493 3310 quoque
521 3227 709 3309 patriarchis
738 3228 776 3291 ab
806 3246 842 3292 eo
872 3227 1112 3293 adnumeratum
1136 3247 1205 3293 esse
1230 3233 1262 3293 et
1285 3249 1340 3311 per
1363 3249 1397 3293 60
1420 3229 1505 3292 intel-

366 3334 486 3418 legitur
509 3337 542 3398 et
564 3353 600 3397 er
624 3334 669 3398 eis
694 3353 774 3417 quae
799 3353 894 3418 supra
918 3335 1092 3400 adtulimus
1117 3337 1231 3402 elucet.
1257 3336 1314 3400 sed
1337 3337 1365 3400 si
1389 3339 1502 3418 septem

368 3558 476 3612 armarii
499 3557 552 3612 840
574 3558 641 3612 1000
662 3558 802 3628 inscriptio
825 3559 939 3628 legitur:
965 3559 1112 3615 ‘INCIPIT
1135 3560 1243 3614 LIBER
1265 3561 1300 3615 Π.
1319 3561 1429 3615 BEATI
1447 3563 1503 3618 lu-

368 3645 491 3701 BIIOSII
508 3647 557 3700 DE
575 3646 834 3703 Permessius)
854 3649 1004 3703 Parisiccus
1025 3652 1111 3705 11624
1129 3651 1158 3703 in
1176 3649 1245 3704 libro
1270 3650 1303 3704 (10
1320 3648 1421 3720 Ioseph
1443 3651 1503 3704 1000

367 3735 481 3803 praebet
489 3735 703 3805 inscriptionem:
714 3735 861 3791 ‘INCIPIT
870 3737 1034 3792 EIUSDEM
1041 3738 1150 3792 LIBER
1163 3738 1296 3792 PRIMVS
1307 3739 1355 3793 DE
1363 3738 1502 3802 IOSEPII',

370 3825 492 3894 sequitur
513 3823 623 3878 libellus
646 3824 679 3878 de
702 3825 937 3880 benedictionIbus
960 3827 1173 3895 patriarcharum
1197 3827 1374 3897 inscriptione
1391 3845 1444 3882 non
1461 3827 1501 3880 cd·

369 3915 448 3967 iectu.
478 3912 546 3966 sdde
573 3914 643 3983 quod
669 3914 697 3967 in
726 3915 850 3984 catalogo
878 3913 1067 3985 bybliothecae
1094 3916 1253 3970 monastarii
1277 3915 1502 3970 Laureshamensis

370 4003 477 4056 saeculo
502 4002 605 4058 decimo
629 4003 729 4073 scripto
753 4003 781 4057 hi
806 4003 894 4057 libelli
918 4021 971 4058 uno
994 4004 1115 4060 indiculo
1140 4004 1182 4059 ‘de
1205 4005 1365 4074 patriarchis
1389 4005 1450 4060 libri
1470 4006 1501 4059 11·

370 4091 634 4163 comprehenduntur
652 4093 698 4157 (01.
717 4092 822 4146 Becker
840 4090 899 4146 cat.
918 4092 984 4146 bibl.
1004 4096 1059 4146 aut.
1079 4095 1122 4159 37,
1141 4093 1215 4160 292).

418 4179 438 4247 ¹)
455 4179 545 4234 habiti
568 4183 633 4233 sunt
654 4184 701 4234 sut
727 4181 787 4250 ipsa
808 4198 906 4251 pascae
928 4180 1098 4236 hebdomade
1122 4185 1169 4236 cut
1193 4198 1225 4236 ee
1247 4182 1300 4236 iam
1324 4185 1458 4238 transacta
1477 4184 1501 4238 in

370 4285 448 4322 usum
468 4285 558 4322 eorum
579 4270 625 4336 qui
643 4269 718 4323 fonte
737 4287 812 4323 sacro
831 4270 939 4323 lustrati
959 4274 1044 4324 eraut.
