3322 4914
297 322 368 388 1er
762 320 981 376 Praelatio.

298 516 468 598 potuerint.
493 517 565 581 libri
589 517 617 582 A
642 521 674 582 et
696 517 721 580 P
745 515 897 582 mendose
922 515 1033 598 scripti
1057 519 1132 580 sunt
1156 515 1306 598 6166616
1334 515 1446 600 primis

298 623 420 688 lacunis
455 623 634 698 deformati;
668 642 741 688 nam
769 627 807 686 ut
832 622 953 688 leuiora
981 622 1146 706 quaedam,
1178 623 1281 687 ueluti
1313 624 1447 687 uoculae

299 735 336 804 61,
360 734 404 810 at,
428 729 473 808 16,
497 749 561 794 esec
585 729 712 812 saepius
742 730 877 796 omissus
910 729 1037 794 silentio
1069 729 1291 813 transgrediar,
1324 731 1448 812 praeter

300 856 337 902 66
360 855 440 919 6666
464 855 560 920 supra
582 836 806 900 adnutauimus
829 837 860 901 in
883 837 938 902 ΑΡ
962 836 1078 903 desunt
1101 839 1175 914 299,
1196 837 1238 900 20
1258 835 1446 917 accederem,

300 945 376 1020 300,
406 945 446 1006 15
475 945 546 1006 aito
577 944 658 1006 orori
685 943 824 1028 (addidit
846 943 878 1006 in
902 943 927 1006 P
951 945 1016 1021 m2‚
1041 942 1097 1008 sed
1120 942 1190 1008 loeo
1213 939 1346 1028 inepto),
1370 943 1446 1028 304,

301 1052 342 1115 22
367 1050 451 1128 quio,
474 1051 506 1114 in
529 1049 584 1114 PV
608 1048 652 1133 (in
676 1069 712 1114 ea
735 1053 824 1131 parte
848 1067 927 1132 6666
950 1049 982 1114 16
1000 1050 1029 1113 Α
1047 1069 1109 1114 666
1131 1049 1274 1134 legitur),
1299 1049 1374 1124 282,
1406 1050 1447 1111 12

293 1155 437 1236 perfecti,
471 1157 547 1232 285,
581 1159 600 1220 5
634 1177 706 1238 otoo,
741 1159 815 1232 290,
846 1159 865 1222 5
892 1155 1003 1234 medio,
1037 1155 1172 1239 denique
1205 1155 1289 1239 66661
1318 1155 1447 1218 maioris

300 1263 452 1328 momenti
480 1261 530 1328 es't
557 1264 633 1341 288,
665 1265 682 1326 7
708 1282 755 1346 sq.
779 1264 833 1348 qui
856 1284 919 1327 oco
1017 1263 1155 1344 potacula
1179 1267 1211 1328 et
1235 1281 1305 1328 mox
1328 1261 1447 1328 Adane.

300 1370 329 1434 sc'
360 1390 423 1433 oco
448 1369 617 1450 paruulus.
648 1369 723 1434 libri
750 1369 779 1434 N
806 1373 912 1436 autem
942 1370 1003 1434 etsi
1031 1370 1124 1453 longe
1147 1371 1266 1434 minore
1290 1368 1449 1434 eiusmodi

300 1477 484 1540 lacunarum
513 1495 644 1541 numero
673 1475 790 1542 adiecti
817 1478 923 1542 tamen
951 1475 1012 1540 fide
1042 1478 1144 1543 multo
1176 1475 1339 1540 inferiores
1372 1478 1449 1540 sunt

301 1582 421 1648 familia
443 1584 542 1648 altera
564 1586 675 1666 utpote
699 1583 888 1666 corruptelis
913 1585 945 1646 61
968 1583 1052 1666 quod
1076 1583 1167 1666 peius
1196 1586 1245 1648 est
1272 1582 1448 1648 temerariis

301 1690 549 1756 correctionibus
582 1691 615 1754 et
645 1688 943 1772 interpolationibus
975 1689 1142 1770 inquinati.
1176 1688 1277 1753 ueluti
1305 1689 1379 1766 314,
1405 1691 1445 1752 21

300 1796 331 1860 16
352 1793 380 1858 Π
399 1801 484 1862 66616
512 1796 631 1882 legitur
658 1802 687 1860 ct
717 1796 774 1874 ait,
798 1795 829 1860 in
854 1795 1065 1872 1161116166,
1090 1795 1166 1872 307,
1193 1797 1231 1858 15
1255 1795 1286 1860 16
1307 1794 1448 1860 lliooni-

300 1902 351 1981 611,
378 1903 410 1966 16
437 1903 468 1968 N
494 1903 617 1966 inmisit
644 1903 732 1970 deus.
761 1921 953 1984 quamquam
976 1921 1038 1968 non
1062 1921 1141 1985 nego
1166 1901 1324 1966 interdum
1348 1901 1446 1966 bonas

302 2010 340 2074 ab
378 2014 423 2074 eis
461 2010 633 2092 scripturas
672 2008 775 2074 offerri
811 2011 866 2074 uel
904 2008 989 2092 quod
1025 2009 1126 2073 multo
1163 2009 1360 2092 frequentius
1400 2013 1449 2072 est

303 2115 500 2180 coniecturas
534 2135 551 2180 a
583 2116 721 2180 librariis
753 2115 921 2196 proiectas.
959 2116 1129 2180 uerborum
1163 2119 1269 2180 autem
1307 2114 1446 2178 ordinem

302 2241 362 2286 non
387 2222 497 2304 paucis
521 2222 601 2287 locis
625 2221 829 2286 immutatum
855 2222 990 2300 666616
1015 2221 1131 2304 661166
1160 2223 1245 2286 66616
1273 2220 1448 2304 grassantis

301 2328 500 2391 librariorum
532 2327 679 2391 licentiae
713 2328 851 2411 uestigia
881 2328 1089 2409 reperiuntur,
1121 2347 1213 2392 nemo
1246 2329 1323 2411 puto
1356 2326 1449 2390 mira·

302 2434 398 2499 bitur.
432 2453 531 2514 66666
559 2452 633 2498 uem
662 2434 774 2498 horum
804 2435 949 2499 codicum
977 2435 1119 2499 omniurn
1147 2434 1256 2499 eadem
1279 2434 1359 2498 ratio
1384 2437 1447 2508 est;

302 2559 373 2604 nam
402 2539 487 2603 baud
514 2559 582 2604 raro
608 2539 801 2605 dissentiunt
825 2545 856 2604 61
879 2542 932 2605 661
955 2541 978 2605 11
1003 2541 1057 2624 661
1079 2541 1191 2606 intimo
1215 2541 1343 2606 uinculo
1367 2539 1449 2604 inter

304 2666 337 2712 se
380 2646 540 2712 coniuncti
577 2650 652 2712 sunt
689 2648 779 2711 uelut
819 2646 877 2712 MS
921 2647 1041 2730 passim
1077 2648 1159 2712 inter
1195 2666 1230 2712 se
1269 2646 1446 2712 discedunt.

304 2752 585 2818 animaduertimus
622 2756 728 2817 tamen
759 2753 788 2817 R
811 2753 938 2835 saepius
963 2772 1035 2818 eum
1058 2754 1086 2817 Α
1114 2754 1227 2831 facere,
1256 2753 1291 2818 M
1318 2753 1449 2836 propius

303 2860 343 2926 ad
369 2860 396 2923 P
425 2879 458 2924 se
488 2858 656 2941 adplicare.
691 2879 770 2941 6666
799 2880 871 2924 cum
899 2861 944 2924 116
973 2861 1045 2937 6161,
1074 2861 1137 2924 iam
1170 2861 1366 2942 exploratum
1383 2853 1449 2924 'est

302 2965 494 3032 recensionis
526 2966 767 3030 fundamentum
801 2966 833 3030 in
861 2967 916 3031 ΑΡ
945 2968 1085 3048 positum
1110 2967 1260 3043 6666116
1282 2971 1388 3030 tamen
1413 2969 1450 3030 ut

304 3073 435 3138 alterius
468 3072 605 3138 familiae
637 3072 709 3137 libri
743 3092 867 3155 semper
898 3075 929 3138 16
963 3093 1089 3138 eramen
1121 3077 1282 3140 nocentur.
1318 3073 1346 3137 61
1373 3092 1448 3138 uero

304 3199 435 3262 quaeras
460 3183 530 3242 uter
552 3179 591 3244 iis
616 3179 694 3246 locis
719 3180 835 3261 quibus
859 3181 942 3245 inter
965 3200 999 3246 se
1022 3181 1202 3264 discrepant
1225 3178 1448 3264 praeferendus

304 3288 356 3364 611,
384 3287 415 3350 16
444 3287 504 3350 hoc
531 3286 651 3364 libello,
677 3287 769 3352 66166
792 3287 824 3352 16
848 3291 936 3370 parte
960 3307 1020 3352 non
1045 3289 1158 3372 exigua
1181 3287 1300 3352 codicis
1323 3287 1352 3350 A
1376 3286 1447 3351 sub·

304 3394 384 3458 sidio
418 3393 565 3458 destituti
597 3413 720 3470 sumus,
748 3414 809 3458 non
836 3398 902 3458 tem
929 3394 1021 3458 facile
1051 3413 1143 3475 quern
1171 3395 1203 3458 16
1233 3395 1345 3458 6616616
1369 3411 1448 3475 6666

303 3501 335 3565 16
353 3500 408 3563 ΑΡ
427 3501 577 3584 leguntur
600 3500 826 3582 scriptionibus
850 3501 1004 3565 iudicium
1024 3502 1092 3565 erit.
1118 3501 1175 3565 sed
1193 3521 1265 3565 crum
1284 3500 1450 3566 euincatur

303 3626 335 3670 re
354 3625 430 3670 uera
448 3606 479 3669 in
498 3607 563 3670 illis
587 3607 737 3671 maiorem
756 3607 829 3672 libri
848 3608 875 3674 A
894 3608 1116 3672 auctoritatem
1135 3607 1291 3689 fidemque
1311 3626 1391 3685 esse,
1411 3605 1448 3669 de

303 3714 363 3778 hoc
382 3732 508 3796 quoque
532 3714 687 3795 opusculo
707 3713 791 3778 idern
811 3715 1016 3780 statuendum
1036 3718 1095 3792 661,
1115 3715 1198 3796 quod
1218 3714 1353 3798 egregiis
1373 3732 1449 3795 666-

305 3839 365 3901 666
385 3819 573 3901 quibusdam
593 3819 785 3885 lectionibus
806 3840 886 3902 quae
901 3821 932 3884 in
947 3820 974 3886 A
990 3825 1095 3886 extant
1114 3821 1333 3904 conprobatur,
1347 3819 1450 3884 ueluti

305 3927 380 4004 302,
420 3927 435 3988 1
475 3926 628 3989 contineri
663 3926 691 3990 A
728 3927 845 3990 contere
882 3928 916 4004 Ρ,
954 3929 1029 4004 322,
1071 3929 1111 3990 19
1149 3927 1258 3990 uxorio
1295 3926 1323 3989 A
1357 3926 1451 3990 66661

304 4031 428 4114 (coxeris
451 4032 518 4118 m2)
543 4033 579 4096 P.
599 4041 602 4050 “

348 4138 393 4200 En
419 4138 499 4203 locis
529 4139 684 4219 corruptis
713 4158 810 4204 66666
839 4143 978 4223 tangam,
1006 4140 1038 4204 16
1062 4159 1124 4223 666
1149 4141 1286 4206 sanando
1311 4139 1448 4203 multum

303 4245 442 4308 laborem
470 4245 588 4307 frustra
616 4245 875 4328 consumpsi‚·ea
904 4247 973 4312 dico
1003 4266 1082 4329 quae
1110 4247 1201 4310 initio
1233 4241 1381 4310 sectionis
1406 4247 1449 4309 29
