3322 4914
320 357 361 420 VI
778 354 997 408 Praelatio.

317 549 408 614 deest
431 551 519 614 color
542 549 595 612 ille
620 550 715 629 atque
739 551 879 624 ornatus,
904 547 1020 630 quibus
1048 549 1079 611 in
1110 549 1307 614 sermonibus
1331 549 1463 614 Ambro-

317 655 384 720 sius
413 655 463 720 uti
487 657 579 731 solet,
604 655 660 719 sed
682 654 715 718 id
739 656 850 719 eodem
877 655 945 719 iure
973 658 1160 738 argumento
1182 655 1256 719 libri
1280 655 1319 720 od
1343 657 1464 720 animos

318 761 564 826 commouendos
593 761 759 842 aptissimo
788 761 935 843 explicari
961 763 1078 842 potest.
1106 763 1211 824 tamen
1235 760 1313 824 mihi
1337 761 1464 844 quidem

320 869 352 930 ct
374 867 425 931 hio
457 867 587 931 libellus
621 867 660 931 cd
692 867 823 930 eandem
856 865 1018 949 originem,
1044 885 1138 947 quam
1167 865 1262 930 ceteri
1287 866 1465 948 dequibus

318 973 412 1038 modo
443 973 678 1056 disputatrimus
706 973 778 1036 libri
808 973 998 1048 habuerunt,
1023 971 1204 1036 referendus
1233 991 1303 1036 esse
1327 973 1465 1037 uidetur.

320 1084 428 1143 contra
460 1079 491 1142 in
526 1082 593 1144 toto
627 1081 707 1144 libro
741 1078 778 1144 de
813 1079 957 1162 paradiso
989 1081 1056 1143 tam
1093 1079 1217 1142 aridum
1250 1098 1285 1142 oc
1325 1079 1465 1142 ieiunum

320 1185 446 1250 dicendi
470 1204 572 1269 genus
596 1189 655 1264 est,
679 1190 715 1251 ut
738 1186 791 1250 uix
815 1186 963 1250 credibile
988 1185 1032 1249 sit
1055 1204 1127 1249 eum
1152 1205 1188 1250 er
1212 1186 1410 1250 sermonibus
1434 1185 1466 1249 iu

320 1311 420 1357 unum
451 1310 564 1374 corpus
593 1293 782 1358 consociatis
811 1296 920 1357 natum
949 1311 1029 1358 esso.
1058 1290 1137 1356 adde
1162 1291 1246 1374 quod
1269 1292 1369 1357 totius
1393 1291 1467 1358 libri

321 1398 490 1463 consilium
518 1399 549 1462 in
578 1400 808 1463 haereticorum
835 1400 942 1481 prauis
971 1398 1173 1482 opinionibus
1201 1398 1375 1462 refutandis
1399 1417 1469 1461 uer-

323 1507 421 1581 satur,
448 1525 509 1597 quo
533 1505 570 1569 de
594 1525 627 1569 re
651 1509 763 1589 postea
787 1525 988 1589 exponemus.

878 1819 919 1883 ll.

370 2117 439 2180 Hac
473 2116 657 2198 quaestione
690 2115 837 2179 absoluta
870 2114 908 2178 de
940 2114 1149 2196 temporibus,
1174 2115 1289 2197 quibus
1316 2115 1390 2178 libri
1418 2115 1472 2197 qui

326 2223 388 2288 hoc
421 2223 582 2290 uolumine
615 2221 816 2286 continentur
848 2220 1018 2303 compositi
1054 2225 1138 2298 sunt,
1172 2221 1346 2304 disputatio
1383 2221 1473 2284 insti·

326 2329 446 2396 tuenda
480 2331 538 2392 est.
563 2329 654 2393 cuius
687 2329 732 2392 rei
766 2327 972 2392 fundamenta
1002 2327 1146 2392 iecerunt
1168 2329 1304 2392 Maurini
1326 2329 1358 2392 in
1386 2348 1473 2410 prae-

316 2435 500 2500 ‘fotionibus
530 2436 664 2519 singulis
692 2435 782 2500 libris
810 2434 1004 2518 praemissis,
1028 2436 1214 2499 retractauit
1237 2455 1317 2517 quae
1342 2436 1379 2500 ab
1408 2436 1473 2500 illis

330 2543 472 2626 exposita
501 2544 575 2606 sunt
603 2544 636 2605 et
663 2541 825 2625 suppleuit
853 2541 896 2604 M.
921 2540 992 2604 Ihm
1022 2539 1112 2606 Stud.
1141 2541 1249 2608 Ambr.
1281 2561 1312 2624 p.
1340 2543 1380 2604 13
1405 2562 1474 2623 sqq.

330 2653 425 2732 utque
461 2650 680 2713 Exameron
719 2668 753 2712 se
789 2648 851 2711 iam
895 2665 1028 2710 senem
1071 2648 1297 2731 conscripsisse
1339 2650 1475 2713 testatur

330 2755 791 2836 Ambrosius127‚17.quou
815 2755 948 2818 uerbum
972 2771 1033 2818 non
1056 2754 1150 2818 ualde
1174 2754 1382 2836 premendum
1406 2774 1475 2819 esse

331 2862 469 2946 adparet,
495 2882 567 2927 cum
592 2881 682 2926 senes
707 2861 834 2944 saepius
858 2860 919 2924 uiri
948 2860 1176 2946 quinquaginta
1202 2861 1267 2926 fere
1291 2880 1387 2925 annos
1412 2860 1477 2925 nati

333 2969 487 3034 dicantur.
517 2969 596 3034 adde
626 2968 710 3051 quod
737 2968 797 3032 hoc
823 2967 894 3032 loco
918 2967 1008 3049 pueri
1031 2967 1160 3032 senibus
1175 2971 1396 3051 opponuntur.
1421 2966 1477 3032 sed

333 3095 406 3140 cum
431 3096 510 3141 anno
533 3077 598 3140 fere
623 3075 861 3141 CCCLXXXVI
885 3074 923 3137 ob
947 3073 1114 3138 Ambrosio
1143 3093 1215 3140 cum
1244 3093 1363 3138 morem
1387 3073 1478 3137 insti·

332 3186 440 3249 tutum
471 3202 541 3247 esse
571 3184 703 3259 constet,
717 3179 742 3268 ¹)
771 3185 807 3244 ut
830 3181 940 3263 hymni
964 3200 982 3244 c
1003 3181 1121 3262 populo
1144 3180 1177 3244 in
1205 3180 1350 3245 ecclesiis
1375 3184 1479 3244 canta-

333 3293 452 3368 rentur,
485 3292 579 3372 atque
613 3289 681 3352 eius
715 3291 825 3352 cantus
858 3307 919 3354 non
954 3288 1057 3352 solum
1086 3287 1209 3353 duobus
1233 3288 1377 3352 Erameri
1399 3286 1478 3352 locis

334 3397 453 3461 mentio
483 3395 539 3460 fiat
567 3397 633 3480 (61,
665 3396 705 3460 16
735 3397 766 3458 et
795 3395 848 3473 75,
878 3393 922 3479 7),
952 3393 1008 3458 sed
1032 3394 1127 3458 etiam
1151 3395 1227 3472 201,
1254 3395 1294 3456 14
1317 3393 1480 3461 Ambrosii

336 3503 483 3587 hymnus,
512 3503 567 3586 qui
594 3501 707 3584 incipit
731 3521 749 3565 a
771 3502 877 3566 uerbis
901 3504 1035 3566 ‘aeterne
1062 3520 1167 3566 rerum
1196 3500 1359 3578 conditor',
1383 3499 1480 3581 respi-

336 3611 448 3688 ciatur,
461 3608 486 3695 ²)
503 3612 624 3674 certum
639 3612 689 3674 est
702 3610 785 3674 hune
799 3610 917 3696 librum
936 3613 1011 3692 post
1029 3628 1143 3672 annum
1158 3607 1249 3672 illum
1266 3607 1480 3690 conscriptum

339 3736 418 3782 esse.
448 3716 559 3780 deinde
588 3716 738 3781 ohserues
767 3734 884 3797 quaeso
914 3714 960 3780 111
991 3717 1020 3794 1,
1047 3717 1066 3778 3
1095 3713 1300 3796 tranquillum
1329 3713 1480 3778 ecclesiae

338 3827 457 3889 statum
474 3823 621 3905 describi,
637 3842 717 3906 quae
732 3823 848 3888 cotidie
867 3822 1033 3887 haereticis
1054 3823 1086 3886 et
1104 3821 1252 3904 gentibus
1271 3819 1482 3884 adfluentibus

339 3950 477 3995 crescere
506 3934 539 3995 et
566 3931 674 4015 aligeri
703 3931 836 3996 dicutur.
866 3930 982 4012 quibus
1009 3929 1103 3994 rebus
1132 3928 1276 3993 omnihus
1305 3945 1341 3991 eo
1370 3925 1483 4010 perdu-

388 4174 407 4245 ¹)
427 4175 459 4232 cf.
479 4175 538 4228 lhm
557 4194 583 4245 p.
603 4176 637 4230 35
657 4179 685 4228 et
703 4175 746 4230 59.
1165 4227 1167 4230 .

386 4264 407 4332 ²)
428 4265 461 4319 cs.
480 4265 565 4318 Ehert
583 4263 654 4332 Allg.
675 4263 771 4317 Gesch.
792 4263 838 4316 der
856 4261 923 4316 Litt.
942 4261 989 4316 des
1007 4261 1081 4315 Mitt.
1100 4259 1137 4312 im
1155 4257 1270 4313 Abendl.
1289 4255 1316 4311 1²
1335 4257 1394 4312 153.
