3342 4920
287 374 350 438 612
764 369 961 422 Ambrosii

286 565 386 629 solam
414 562 611 629 uenerandae
639 561 792 627 trinitatis
821 561 1044 641 substantiam,
1074 580 1154 642 quae
1182 581 1256 626 uere
1287 583 1366 645 pura
1399 583 1434 628 ac

287 671 420 754 simplex
452 671 592 736 sincerae
623 669 892 752 inpermixtaeque
920 671 1050 733 naturae
1078 673 1137 746 est,
1165 669 1313 751 quamuis
1336 670 1435 752 aliqui

285 781 400 862 putant
437 778 474 842 de
511 778 568 842 illa
604 777 715 859 quinta
750 776 821 840 usia
852 777 958 841 lucem
992 794 1061 840 esse
1094 775 1269 854 clariorem,
1302 777 1341 841 de
1374 798 1436 860 qua

287 885 400 949 dixerit
422 884 528 948 Dauid
551 883 636 966 quod
666 884 742 949 deus
773 883 817 946 sit
848 882 1128 947 circumdatus
1161 884 1291 947 lucem
1325 885 1436 949 sicut

287 991 582 1056 uestimentum
615 993 648 1054 et
676 990 841 1072 apostolus
870 988 1034 1070 scripserit
1061 989 1099 1052 de
1126 988 1197 1070 ipso
1221 990 1435 1072 omnipotente
1467 996 1526 1050 ⁵0

289 1099 346 1163 deo
386 1097 471 1179 quod
511 1097 626 1161 solus
664 1096 812 1162 babeat
848 1095 1193 1161 inmortalitatem
1231 1098 1270 1162 et
1305 1097 1436 1162 lucem

288 1204 452 1269 habitet
474 1203 825 1268 inaccessibilem.

245 1318 287 1382 59
335 1311 405 1390 Qua
436 1311 559 1376 ratione
591 1314 697 1376 autem
730 1309 844 1374 dixerit
876 1309 960 1392 quod
993 1327 1067 1374 aues
1096 1308 1315 1374 descenderint
1343 1329 1437 1393 supra

289 1417 393 1483 diuisa
416 1435 546 1499 corpora
568 1417 702 1494 uitulae‚
727 1436 837 1499 caprae
862 1419 956 1498 atquc
977 1416 1084 1482 arietis
1103 1435 1164 1480 non
1183 1417 1276 1481 facile
1294 1418 1436 1501 repperio

289 1525 350 1588 nisi
385 1524 471 1607 quod
503 1525 608 1590 omnia
640 1527 774 1600 terrena,
808 1523 967 1588 maritima
999 1527 1093 1605 atque
1125 1523 1196 1606 ipsa
1228 1524 1310 1589 aeria
1345 1525 1483 1606 plena10

291 1633 366 1695 sunt
393 1630 580 1696 insidiarum
609 1649 646 1695 ac
667 1629 954 1713 perturbationum.
977 1629 1127 1694 uidentur
1150 1630 1233 1694 enirn
1257 1649 1333 1695 aues
1357 1631 1437 1694 istae

290 1737 353 1804 cibi
386 1757 481 1802 causa
513 1737 715 1802 descendisse
744 1755 839 1818 supra
863 1755 1001 1820 corpora.
1034 1737 1220 1802 naturaliter
1243 1741 1349 1802 autem
1371 1738 1437 1802 uio·

288 1844 438 1909 lentiores
463 1844 665 1926 potioresque
684 1842 808 1907 uiribus
829 1861 924 1925 super
941 1841 1129 1909 infirmiores
1148 1842 1279 1908 inruunt
1297 1846 1330 1907 et
1348 1843 1439 1926 quasi

288 1951 422 2016 mortuis
442 1950 625 2032 corporibus
648 1949 838 2015 incumbunt
861 1969 897 2014 er
919 1949 1082 2032 inprouiso
1101 1950 1297 2031 frequentius
1315 1950 1439 2016 inmen-
1502 1955 1526 2008 D

288 2061 350 2135 tes,
384 2057 436 2122 uel
470 2057 554 2138 quod
586 2057 695 2121 uerius
728 2059 819 2141 puto,
852 2056 928 2137 quia
957 2056 1103 2139 princeps
1136 2057 1246 2122 mundi
1278 2057 1374 2121 huius
1408 2059 1440 2120 et
1460 2077 1484 2114 re

289 2165 437 2228 uolucres
462 2163 552 2241 caeli,
578 2163 770 2245 spiritalium
794 2162 963 2244 nequitiae,
987 2183 1068 2245 quae
1092 2163 1217 2228 suntin
1237 2163 1439 2239 caelestibus,

290 2287 344 2333 eos
369 2269 424 2351 qui
446 2269 605 2333 mundana
628 2269 844 2335 sollicitudine
869 2289 1008 2352 curaque
1032 2270 1129 2334 diuisi
1147 2273 1224 2335 sunt
1242 2271 1332 2355 graui
1349 2273 1440 2335 motu

290 2376 452 2440 incessant
467 2379 498 2440 et
516 2376 608 2440 uelut
626 2376 781 2441 cadauera
799 2379 997 2441 mortuorum
1017 2377 1188 2442 dilacerent
1207 2377 1300 2442 dente
1319 2397 1441 2460 aspero.

292 2482 330 2546 de
367 2481 417 2545 his
456 2481 539 2545 enim
581 2481 701 2545 dictum
745 2485 817 2558 est;
851 2482 1021 2564 relinque
1062 2486 1231 2549 mortuos
1275 2485 1439 2564 sepelire

291 2590 461 2652 mortuos
487 2606 586 2665 suos,
612 2588 686 2670 quia
709 2591 785 2653 sunt
808 2588 845 2652 de
869 2607 966 2672 regno
991 2589 1118 2670 diaboli,
1143 2589 1252 2671 quiin
1277 2609 1311 2655 se
1333 2591 1441 2672 ipsum
1459 2609 1487 2648 ao

292 2694 416 2759 diuisus
441 2696 500 2759 est.
524 2694 578 2776 qui
602 2697 709 2758 autem
734 2697 808 2758 sunt
832 2695 871 2759 de
894 2714 991 2779 reguo
1016 2695 1077 2772 dei,
1102 2695 1218 2778 quibus
1238 2695 1317 2761 dicit
1334 2699 1439 2762 Iesus:

291 2820 446 2884 regnum
470 2800 530 2865 dei
553 2801 654 2865 intra
676 2820 745 2866 uos
771 2805 837 2879 est,
862 2801 896 2866 hi
919 2822 981 2867 non
1004 2808 1080 2867 sunt
1103 2802 1211 2880 diuisi,
1236 2803 1310 2886 quia
1328 2804 1442 2868 adhae-
1509 2807 1532 2860 Ε

292 2911 362 2972 rent
381 2907 450 2984 deo,
471 2907 648 2988 quoniam
669 2908 733 2990 qui
753 2908 929 2973 adhaeret
953 2909 1148 2973 meretrici
1175 2929 1286 2974 unum
1307 2929 1440 2992 corpus

293 3016 364 3090 est;
400 3016 511 3077 erunt
534 3013 642 3090 enim,
666 3013 802 3096 inquit,
828 3014 899 3078 duo
923 3015 958 3078 in
984 3033 1196 3081 carneuna.
1230 3016 1292 3099 qui
1317 3019 1441 3082 autern

294 3120 475 3184 adhaeret
510 3119 658 3184 domino
692 3141 788 3187 unus
822 3121 981 3204 spiritus
1006 3125 1074 3187 est.
1107 3123 1162 3186 isti
1186 3142 1259 3206 crgo
1283 3143 1344 3188 non
1368 3125 1488 3188 suntaa

293 3229 419 3291 mortua
452 3244 592 3308 corpora,
626 3230 663 3291 11
695 3227 842 3293 uolucres
876 3228 955 3293 caeli
988 3229 1154 3295 comedant
1186 3249 1251 3309 eos,
1285 3231 1341 3294 sed
1368 3233 1444 3294 sunt

384 3418 402 3470 4
420 3417 519 3470 Psalm.
540 3415 640 3472 01112
696 3418 832 3474 61Tim.
852 3421 877 3483 6,
898 3421 931 3473 16
988 3421 1004 3474 8
1024 3419 1092 3476 Gen.
1114 3423 1155 3486 15,
1177 3423 1207 3475 11
1228 3421 1308 3474 Philo
1329 3420 1441 3487 Quaest.

294 3505 372 3559 1117
440 3507 471 3560 16
491 3505 590 3575 Ephes.
611 3509 635 3573 6,
657 3507 689 3560 12
755 3508 787 3561 19
806 3508 871 3566 Luc.
891 3509 916 3573 9,
936 3509 970 3562 60
1033 3509 1268 3575 20an.11,18
1325 3510 1358 3564 22
1377 3509 1441 3564 Luc.

297 3595 339 3656 17,
358 3594 390 3646 21
448 3593 639 3662 aerbone,
661 3597 752 3666 16sq.
808 3597 843 3650 26
861 3596 961 3672 Matth.
982 3598 1060 3664 13,4

331 3736 347 3789 3
366 3738 467 3805 putant
486 3739 511 3801 (e
526 3742 625 3805 postea
645 3737 723 3804 add.)
743 3738 770 3791 P
787 3741 886 3808 putent
904 3743 951 3794 cet.
1007 3740 1023 3792 5
1043 3739 1136 3809 deipso
1153 3740 1173 3805 (i
1187 3756 1220 3794 aa
1234 3745 1260 3807 o)
1276 3741 1304 3794 P
1319 3741 1352 3794 de
1368 3757 1399 3794 eo
1414 3741 1445 3793 N

331 3825 518 3894 omnipotente
539 3828 577 3890 (te
598 3825 647 3878 ((11.
666 3842 687 3879 c.
707 3830 746 3891 u.)
765 3827 793 3879 P
862 3827 894 3882 12
914 3828 1045 3894 oaecausa
1063 3828 1090 3881 P
1154 3829 1187 3883 13
1207 3845 1443 3899 snper...corpo-

295 3913 369 3966 ribus
387 3913 467 3982 infra
484 3914 516 3967 ia
534 3931 584 3983 mp.
606 3917 646 3979 (et
663 3931 685 3967 a.
704 3918 743 3981 aa.)
763 3920 806 3968 m1
824 3916 852 3968 P
953 3919 985 3970 16
1010 3917 1172 3970 caelestibus
1192 3933 1242 3971 om.
1261 3916 1299 3980 Ν,
1319 3934 1349 3988 cp
1366 3918 1398 3971 ia
1415 3933 1443 3969 a.

296 4007 412 4056 extremo
431 4001 494 4072 (om.
513 4001 639 4072 lectibus)
660 4003 710 4058 del.
726 4007 774 4058 m2
786 4005 816 4058 D
872 4006 903 4058 17
925 4005 1008 4059 diuisi
1025 4006 1046 4076 (i
1065 4011 1124 4060 tart.
1143 4023 1177 4061 ex
1195 4005 1222 4076 1)
1234 4006 1290 4061 PD
1308 4005 1396 4060 diuisa
1409 4006 1446 4060 M

298 4091 331 4145 18
356 4090 486 4144 cadauera
507 4095 533 4156 (a
553 4091 602 4144 alt.
623 4107 656 4146 aa
675 4097 699 4161 e)
717 4093 745 4145 P
833 4092 983 4158 dilacerent
1003 4097 1029 4155 (a
1047 4097 1095 4149 m2
1112 4111 1134 4150 a.
1155 4094 1180 4163 e)
1199 4095 1229 4148 D
1248 4094 1398 4148 dilacerant
1415 4093 1448 4147 N

298 4180 331 4233 19
351 4179 480 4249 sepeliere
499 4179 527 4231 P
593 4179 689 4233 22111(
710 4182 730 4248 (i
750 4186 832 4248 crus.)
852 4182 880 4234 P
896 4183 935 4235 hii
954 4182 1020 4236 ΝΜ
1081 4183 1189 4236 24111
1213 4183 1238 4236 1)
1258 4183 1300 4249 (ire
1318 4184 1387 4248 ras.)
1407 4181 1443 4246 N,

297 4284 349 4322 om.
369 4273 416 4321 cet.
