3342 4920
276 289 359 354 -632
772 290 974 344 Ambrosii·

295 482 370 559 cito,
391 484 445 548 sed
465 483 643 566 posteritati
667 487 857 549 reseruetur.
881 503 954 548 nam
973 487 1006 549 et
1022 485 1179 570 ingeniosi
1198 487 1299 550 multa
1317 485 1444 569 pariunt

295 609 375 671 quae
404 591 481 654 utile
510 594 558 654 est
587 591 810 655 circumcidere
835 594 867 656 et
890 591 945 673 qui
968 592 1143 656 doctrinam
1166 592 1331 675 diligentia
1354 593 1443 658 adse-

291 697 362 761 cuti
395 699 469 761 sunt
500 697 608 760 uidere
640 698 672 762 in
704 716 738 762 se
771 698 885 763 debent
917 698 1127 763 inscientiam.
1160 699 1305 782 mysterii
1335 703 1443 764 autern

293 803 373 867 ratio
394 803 542 871 dilucida.
561 805 724 868 uernaculi
747 804 830 868 enim
848 805 969 883 Iudaei,
987 806 1089 886 pretio
1109 807 1207 887 empti
1226 810 1336 890 gentes
1357 812 1441 885 sunt,

295 909 348 991 qui
373 909 582 986 erediderunt,
608 911 681 992 quia
704 911 805 994 pretio
830 911 993 994 sanguinis
1019 911 1137 976 Christi
1159 913 1323 995 redempta
1342 914 1442 978 eccle·
1471 921 1527 974 ts

294 1015 352 1083 sia.
386 1035 458 1100 ergo
488 1021 520 1080 et
542 1017 680 1084 Iudaeus
708 1021 740 1084 et
764 1017 904 1083 Graecus
933 1021 1125 1100 quicumque
1153 1019 1323 1084 crediderit
1348 1021 1443 1085 debet

294 1123 375 1186 seire
404 1142 437 1187 se
465 1123 690 1189 circumcidere
721 1144 739 1188 a
767 1125 919 1206 peucetio,
951 1128 989 1190 nt
1019 1125 1123 1206 possit
1155 1126 1264 1190 saluus
1296 1126 1374 1192 fieri.
1410 1131 1442 1191 et

295 1229 489 1293 domesticus
519 1233 551 1294 et
579 1229 754 1315 alienigena
781 1234 814 1294 et
840 1231 947 1295 iustus
972 1234 1004 1296 et
1026 1234 1174 1314 peccator
1197 1232 1442 1298 circumcidatur
1553 1216 1557 1224 ¹
1654 1219 1655 1252 ¹

294 1335 480 1399 remissione
512 1339 725 1417 peccatorum,
758 1339 795 1401 ut
826 1339 990 1420 peceatum
1025 1357 1086 1403 non
1120 1343 1266 1420 operetur
1293 1341 1440 1424 simplius,

295 1442 368 1524 quia
391 1461 481 1506 nemo
507 1443 650 1507 ascendit
671 1444 703 1506 in
723 1462 856 1527 regnum
877 1445 1034 1509 caelorum
1055 1445 1117 1510 nisi
1135 1465 1191 1528 per
1210 1449 1440 1510 sacramentum
1460 1471 1485 1509 ιο

292 1549 505 1630 baptismatis.
525 1569 581 1614 nec
601 1550 740 1632 proderit
758 1551 930 1632 superioris
950 1551 1076 1616 iustitia
1095 1553 1258 1634 temporis,
1280 1552 1308 1616 si
1325 1553 1358 1616 in
1380 1553 1439 1616 fine

294 1657 379 1720 uitae
403 1655 560 1720 iustitiam
585 1657 797 1738 dereliquerit.
822 1657 893 1722 ideo
918 1657 1037 1722 Paulus
1062 1658 1120 1722 ait:
1153 1658 1288 1739 pretio
1313 1659 1438 1741 empti

293 1749 416 1836 estis:
449 1763 580 1828 nolite
613 1763 710 1828 fieri
743 1765 854 1827 serui
891 1765 1106 1829 hominnm.
1146 1767 1221 1828 sunt
1252 1765 1336 1828 eninr
1368 1784 1440 1829 con-

292 1870 399 1947 traria,
431 1869 503 1951 quia
539 1870 677 1935 seruitus
705 1875 836 1952 peccato
865 1871 1061 1935 contrahitur
1089 1876 1121 1934 et
1147 1871 1248 1953 pretio
1271 1874 1438 1953 peecatum
1484 1877 1578 1933 349A

243 1956 246 1965 '
291 1975 474 2041 remittitur.
1459 2001 1484 2038 15

240 2086 282 2148 80
337 2084 424 2147 Haec
457 2083 557 2165 igitur
589 2081 727 2165 simplici
760 2082 956 2163 expositione
989 2082 1146 2147 abundare
1174 2082 1213 2148 ad
1240 2082 1440 2147 intellectum

294 2189 468 2272 opinamur.
504 2188 639 2270 ideoque
676 2208 737 2253 non
775 2190 871 2272 cybos
905 2190 1116 2274 geometricae
1149 2207 1207 2253 nec
1239 2192 1440 2273 tetragonum

293 2315 459 2358 numerum
478 2295 696 2377 philosophiae
715 2314 772 2359 neo
792 2295 1024 2360 confessionem
1043 2298 1080 2358 ut
1094 2295 1183 2380 aiunt
1195 2294 1440 2378 Pythagoricum

293 2420 350 2465 nee
385 2420 508 2483 semper
540 2402 681 2484 uirgines
714 2407 752 2466 ut
786 2403 946 2486 appellant
979 2402 1163 2466 ebdomadis
1191 2420 1339 2465 numeros
1367 2419 1440 2464 cura

294 2509 485 2573 discutimus
508 2508 593 2572 inani
615 2528 673 2572 nec
697 2509 851 2573 mundum
873 2509 961 2572 radio
986 2509 1158 2573 formamus
1181 2527 1239 2572 nec
1262 2507 1382 2572 caelum
1406 2508 1439 2570 in
1459 2532 1485 2571 eo

293 2615 424 2696 puluere
454 2616 634 2698 quaerimus
663 2634 721 2679 neo
749 2616 831 2680 intra
860 2620 1012 2699 angustos
1041 2616 1156 2680 abacos
1181 2615 1288 2680 orbem
1314 2617 1439 2680 conclu-

294 2721 409 2799 dimus,
435 2723 490 2787 sed
509 2741 585 2786 uera
604 2723 763 2805 aperimus
782 2723 942 2804 mysteria,
962 2742 1058 2786 unam
1077 2722 1212 2786 salutem
1232 2740 1303 2785 esse
1323 2721 1440 2788 Christi
1503 2729 1527 2782 B

293 2829 564 2895 resurrectionem.
603 2830 841 2910 conplantemur
873 2849 946 2913 ergo
981 2828 1184 2892 similitudini
1216 2829 1327 2893 mortis
1360 2827 1439 2903 eius

293 2938 330 2997 ut
354 2953 530 2998 mereamur
553 2935 792 3000 resurrectionis
817 2935 1022 3000 consortium.
1048 2937 1079 2998 et
1102 2937 1196 2998 uetus
1220 2933 1315 2997 homo
1333 2937 1441 2998 noster

241 3045 281 3106 81
294 3043 391 3106 simul
416 3043 458 3105 sit
477 3040 615 3106 confixus
640 3042 736 3119 cruci,
760 3045 797 3106 ut
821 3055 934 3124 cerpus
954 3041 1076 3124 peccati
1096 3041 1287 3104 destruatur.
1313 3040 1439 3124 egregie
1459 3063 1485 3103 os

384 3248 610 3312 sluttere
667 3248 699 3301 10
727 3249 786 3302 loh.
811 3249 889 3310 3,13
965 3248 998 3301 12
1025 3247 1040 3300 1
1064 3247 1124 3302 Cor.
1145 3249 1169 3312 7,
1190 3249 1223 3302 23
1299 3248 1331 3301 17
1359 3247 1438 3300 Philo
1477 3289 1481 3294 .

293 3337 405 3401 Quaest.
423 3337 518 3390 11149
598 3337 630 3392 18
658 3337 738 3390 Philo
761 3337 846 3405 Legg.
870 3336 950 3405 alleg.
973 3336 989 3388 Ι
1012 3337 1028 3390 5
1048 3337 1101 3402 (46,
1124 3337 1169 3399 1t;
1189 3335 1203 3389 Ι
1222 3337 1265 3396 64,
1287 3335 1318 3388 19
1342 3335 1381 3403 0.)
1406 3336 1439 3388 de

271 3427 352 3479 ·uita
371 3427 457 3496 Moys.
477 3425 519 3480 III
539 3427 571 3479 27
592 3426 632 3491 (Π
652 3428 710 3486 166,
729 3427 775 3491 42)
797 3425 829 3478 de
854 3425 975 3494 decalog.
1000 3425 1032 3478 21
1060 3425 1132 3491 (198,
1157 3425 1184 3492 8)
1210 3425 1242 3477 de
1267 3427 1336 3494 sept.
1360 3426 1376 3478 6
1401 3423 1440 3490 (ΙΙ

292 3516 419 3580 28115)
476 3517 510 3569 20
530 3514 610 3583 Uerg.
630 3514 696 3567 Aen.
717 3513 755 3567 VI
774 3514 826 3567 850
880 3515 915 3568 23
934 3515 1011 3568 Rom.
1031 3516 1092 3577 6,5
1147 3515 1182 3567 24
1201 3515 1276 3566 Rom.
1297 3514 1358 3580 6,6

331 3657 469 3720 lrnulata
487 3657 513 3709 P
579 3656 742 3709 4delucida
761 3657 781 3726 (i
799 3672 820 3708 s.
841 3661 865 3724 e)
884 3657 911 3710 P
983 3658 1047 3708 sunt
1065 3660 1162 3724 gentes
1180 3654 1243 3708 DN
1306 3657 1394 3725 5un
1413 3655 1440 3707 P

295 3750 321 3816 (q
340 3749 387 3798 m3
406 3763 439 3799 etc
456 3746 476 3809 i)
501 3744 622 3799 Y‘BCM
709 3744 849 3812 redempta
868 3747 909 3797 est
927 3743 990 3798 DN
1059 3743 1291 3798 lcircumcidere
1310 3759 1338 3796 se
1357 3743 1392 3805 B,
1412 3758 1440 3795 se

294 3835 392 3888 ortt]
445 3834 555 3888 eutD
575 3832 892 3899 (iaraellroluelctt.
950 3834 982 3886 15
1001 3832 1184 3887 redimiturB
1239 3833 1271 3885 17
1291 3830 1441 3899 noncybos

297 3923 345 3976 ΡΟ
361 3940 414 3976 non
434 3924 517 3977 cubos
541 3922 600 3974 T‘B
619 3928 644 3976 tt
663 3923 705 3989 (t'u
723 3938 776 3989 quo
796 3923 904 3988 eutbos)
922 3921 960 3974 M
974 3938 1024 3974 nee
1044 3922 1117 3974 cibos
1136 3920 1199 3974 DN
1260 3920 1292 3973 18
1311 3921 1372 3990 nec]
1391 3935 1441 3972 nec

294 4028 348 4066 non
367 4011 429 4063 DN
502 4011 687 4080 pytagoricam
705 4010 795 4064 BOM
811 4010 990 4078 pitagorioam
1009 4009 1071 4063 DN
1141 4011 1174 4062 19
1195 4009 1349 4078 appellante
1369 4008 1396 4060 P
1416 4013 1440 4071 (e

296 4101 345 4154 alt.
366 4106 435 4169 trop.)
458 4102 479 4155 0
497 4101 649 4170 appellante
668 4100 699 4152 T*
767 4101 802 4154 20
821 4116 870 4152 neo
890 4099 954 4152 solis
973 4099 1062 4151 radios
1081 4099 1111 4151 D
1131 4099 1172 4163 (ta
1189 4115 1240 4166 etp.
1260 4101 1307 4150 ot2
1326 4097 1355 4150 al
1371 4097 1442 4150 liber

295 4206 344 4242 nec
363 4190 409 4255 du)
430 4190 463 4242 N
513 4192 546 4244 25
566 4190 704 4244 crucifixus
725 4189 797 4243 cruci
815 4189 877 4242 DN
949 4189 1053 4257 patrati
1072 4203 1123 4242 om.
1143 4187 1206 4240 DN
