3342 4920
263 373 328 437 618
736 368 933 426 Ambrosii

262 567 447 632 melioribus
472 567 556 631 auris
581 566 756 631 differimus
780 566 1011 631 examinandas.
1045 569 1078 630 et
1103 566 1175 630 ideo
1200 566 1277 632 deus
1302 569 1409 632 noster

263 673 363 738 bonae
400 673 576 738 uoluntatis
614 675 830 738 remunerator
869 672 965 737 etiam
1000 672 1120 754 primae
1156 673 1278 737 feturae
1315 675 1408 753 atque

262 779 379 844 indolis
408 780 706 863 contemplationem
735 780 854 843 habens
883 797 977 843 omne
1004 778 1113 862 colligi
1139 778 1260 860 patitur
1287 777 1408 842 animae

263 890 389 951 nostrae
416 885 642 969 patrimonium
671 905 707 951 aa
734 885 889 950 reseruari
917 884 1017 950 latmi
1040 885 1196 949 aduentus
1219 885 1409 967 probaturus

263 992 425 1075 temperie.
1442 1010 1455 1051 a

219 1104 262 1168 64
308 1099 432 1164 Memor
463 1098 572 1181 itaque
606 1096 657 1162 sui
689 1097 840 1176 muneris,
873 1097 958 1180 quod
994 1098 1161 1164 inmortale
1198 1117 1268 1164 esse
1306 1097 1411 1163 uoluit

264 1205 384 1288 aequis,
403 1203 484 1292 [sed]
504 1205 530 1269 si
556 1205 650 1286 eulpa
673 1223 735 1269 non
760 1203 938 1287 obrepisset
966 1207 998 1269 et
1025 1205 1143 1289 grauis,
1168 1225 1248 1287 quae
1271 1204 1348 1270 ferit
1374 1206 1411 1267 ut

263 1331 324 1376 non
348 1310 506 1394 expediret
530 1311 585 1374 diu
608 1310 727 1389 uiuere,
753 1311 798 1375 ait
821 1311 860 1375 ad
883 1311 1056 1376 Abraham:
1090 1315 1132 1376 tu
1166 1314 1297 1376 autem
1330 1311 1410 1375 ibis
1474 1315 1500 1370 D

265 1417 525 1500 adparentes
550 1419 889 1501 tuoseumpaee,
914 1417 1101 1482 nutritus
1126 1418 1164 1482 in
1194 1419 1410 1482 senectute

264 1524 374 1587 bona.
407 1523 529 1605 patitur
559 1541 617 1588 nos
652 1523 813 1589 discedere
847 1541 883 1587 ex
910 1524 970 1589 hoe
1000 1523 1138 1603 saeculo,
1167 1527 1204 1589 ut
1232 1524 1410 1590 secessione
1431 1544 1457 1584 ιο

263 1631 385 1696 animae
418 1630 477 1696 hoe
512 1649 625 1714 corpus
657 1631 838 1695 resoluatur
868 1630 900 1694 in
933 1633 1050 1696 terram
1080 1650 1169 1695 suam
1199 1633 1231 1696 et
1257 1631 1313 1694 fiat
1340 1628 1413 1698 linis

261 1737 395 1820 peccati,
420 1736 531 1802 deinde
556 1756 612 1819 per
634 1737 896 1803 resurrectionem
918 1737 1107 1802 reformetur
1130 1737 1255 1802 diuinae
1277 1735 1412 1801 liberali-

266 1844 343 1910 tatis
369 1845 479 1930 gratia.
507 1844 642 1928 ideoque
666 1845 744 1910 dioit
767 1844 806 1908 ad
829 1843 1004 1909 Abraham:
1033 1847 1078 1908 tu
1102 1843 1182 1910 ibis
1207 1844 1253 1908 ad
1275 1847 1412 1927 patres

267 1955 370 2017 tuos,
404 1951 547 2016 nonnulli
573 1947 773 2032 ‘putauerunt
804 1953 910 2034 patres
944 1969 1014 2015 esse
1042 1950 1207 2028 elementa,
1237 1949 1413 2033 exquibus

269 2061 393 2123 constat
412 2077 483 2122 earo
503 2061 621 2138 nostra,
642 2058 718 2123 dum
741 2057 894 2133 uiuimus,
919 2061 952 2122 et
975 2057 1005 2121 in
1031 2077 1111 2139 quae
1133 2057 1333 2123 resoluimur.
1358 2055 1413 2120 sed
1432 2074 1458 2114 rs

269 2184 326 2229 nos
358 2165 412 2246 qui
445 2164 649 2230 meminimus
682 2167 815 2228 matrem
852 2164 943 2230 nobis
981 2183 1052 2229 esse
1085 2164 1296 2240 Hierusalem,
1333 2181 1413 2245 quae
1480 2166 1504 2221 Ε

270 2290 432 2336 sursum
457 2274 518 2349 est,
542 2289 622 2353 quae
646 2274 696 2335 est
722 2269 868 2350 libera,
899 2289 998 2353 quae
1028 2273 1090 2334 est
1118 2272 1245 2335 mater
1272 2269 1413 2334 omnium

269 2381 517 2455 nostrorum,
541 2379 625 2460 siout
648 2377 811 2458 apostolus
831 2376 1013 2455 diuitibus
1036 2376 1211 2442 adserimus
1230 2381 1336 2459 patres
1360 2375 1414 2457 qui

269 2483 356 2548 uitae
380 2489 412 2548 et
438 2483 550 2548 merito
580 2486 612 2548 et
638 2483 746 2549 ordine
778 2487 1028 2566 praecesserunt.
1061 2487 1128 2548 erat
1158 2484 1224 2548 illio
1252 2483 1332 2547 Abel
1364 2481 1416 2565 pia

270 2590 411 2668 uictima,
436 2592 504 2656 erat
524 2590 597 2672 pius
621 2593 653 2655 et
676 2593 805 2654 sanetus
823 2591 943 2669 Enoch,
963 2594 1031 2655 erat
1047 2591 1130 2656 Noe:
1155 2590 1194 2654 ad
1213 2609 1267 2656 eos
1285 2589 1415 2673 promit·
1432 2606 1460 2647 ao

270 2697 350 2763 titur
367 2697 510 2762 Abrahae
527 2698 693 2762 transitus.
716 2697 833 2762 transit
855 2697 938 2761 enim
963 2697 1019 2781 qui
1042 2697 1080 2762 de
1103 2697 1162 2762 hae
1181 2696 1249 2762 uita
1267 2696 1415 2760 recedens

272 2804 312 2868 ad
339 2804 438 2869 uitam
473 2804 629 2888 demigrat
662 2805 803 2882 alteram,
836 2824 929 2887 quam
962 2804 1048 2870 uiuit
1078 2823 1167 2868 mens
1200 2803 1352 2886 sapientis
1385 2807 1417 2865 et

271 2910 350 2974 iusti
387 2912 459 2989 uiri,
498 2911 552 2994 qui
588 2911 729 2975 nutritur
764 2911 796 2975 in
833 2929 926 2994 paoe;
964 2931 1036 2976 narn
1073 2911 1226 2993 insipiens
1262 2910 1295 2974 iu
1332 2909 1416 2973 bello

364 3145 380 3198 8
401 3144 466 3199 Gen.
488 3147 530 3210 15,
552 3147 584 3200 15
603 3145 682 3199 Philo
704 3145 815 3211 Quaest.
833 3145 877 3200 III
897 3145 928 3198 11
987 3145 1019 3198 17
1039 3143 1128 3198 Galat.
1147 3145 1172 3208 4,
1192 3144 1226 3198 26

310 3304 323 3356 1
345 3301 411 3356 dens
431 3301 555 3356 dominns
573 3303 606 3356 N
659 3305 675 3357 2
694 3304 816 3358 foeturae
834 3303 862 3356 P
879 3303 985 3356 feturae
1004 3305 1029 3368 (e
1043 3319 1088 3371 pr.
1108 3318 1142 3356 ea
1161 3301 1188 3372 n)
1211 3301 1243 3354 T‘
1315 3302 1417 3371 primae

274 3395 303 3445 et
316 3390 424 3444 futurae
438 3391 468 3445 D
482 3393 521 3456 (et
534 3407 555 3444 r.
570 3396 609 3457 a.)
621 3391 655 3444 N
687 3391 703 3444 3
717 3389 817 3444 indolis
828 3407 861 3445 ea
870 3389 995 3444 indolens
1005 3390 1033 3443 P
1082 3389 1183 3443 indolis
1197 3389 1297 3443 bonam
1307 3388 1417 3455 (bonam

275 3480 326 3534 del.
341 3483 398 3545 m2)
419 3479 675 3547 contemplationem
693 3479 720 3531 B
778 3481 876 3547 depost
894 3477 1028 3532 aduentus
1047 3477 1111 3532 add.
1131 3477 1199 3531 illud
1218 3478 1245 3530 P
1262 3480 1293 3547 (a.
1312 3494 1340 3531 a.
1359 3481 1416 3545 m3)

275 3572 321 3622 eet.
431 3567 513 3621 rsed
531 3569 629 3621 seclusi
755 3567 920 3638 obrepsisset
937 3566 968 3621 D
987 3571 1010 3633 (a
1025 3583 1070 3635 pr.
1089 3583 1110 3620 a.
1130 3570 1169 3631 u.)
1189 3566 1222 3619 N
1335 3565 1418 3618 8ho·

274 3658 360 3710 mines
383 3656 431 3710 diu
453 3656 485 3709 N
575 3658 603 3709 11
635 3656 683 3710 liat
706 3656 767 3708 finis
785 3656 902 3710 PBOM
922 3656 983 3708 finis
1007 3656 1043 3709 sit
1061 3655 1091 3708 D
1115 3658 1163 3722 (sit
1185 3658 1233 3708 md
1254 3656 1285 3708 a'u
1308 3659 1370 3724 my.)
1390 3653 1423 3706 N

277 3747 309 3799 13
328 3744 390 3799 ideo
409 3748 472 3810 (om.
493 3749 555 3814 que)
575 3744 634 3798 DN
706 3743 741 3798 ad
759 3761 780 3799 a.
799 3761 827 3798 a.
846 3747 893 3797 m3
911 3745 939 3797 P
1006 3745 1038 3797 14
1056 3747 1223 3815 putauerunt
1241 3760 1274 3797 aa
1291 3759 1419 3813 peccaue-

275 3835 379 3888 runtP
426 3835 542 3902 idquae
559 3831 983 3904 P(eaquam1quaPm10M
995 3833 1231 3901 quaumsscet.
1283 3833 1316 3885 16
1330 3831 1420 3900 nobis]

275 3925 394 3976 nostram
413 3923 441 3978 B
532 3923 565 3977 18
583 3925 705 3976 nostrum
724 3922 751 3975 P
769 3925 813 3990 (ex
830 3921 995 3992 nostrorum)
1018 3921 1170 3975 T'NDCM
1248 3922 1309 3975 illos
1329 3923 1419 3986 autem

274 4011 304 4064 P
375 4011 408 4064 19
427 4013 456 4075 et
472 4011 571 4065 merito
589 4010 616 4063 P
632 4009 729 4064 merito
750 4015 796 4064 oet.
869 4009 902 4062 21
923 4009 1052 4063 abraham
1064 4009 1135 4064 DN
1202 4011 1237 4064 22
1256 4009 1372 4063 alienam
1391 4009 1424 4060 N

313 4101 391 4171 quan]
411 4100 439 4153 P
456 4090 510 4170 qua
530 4099 563 4153 T‘
581 4100 646 4169 quia
664 4104 711 4154 eet.
801 4099 835 4152 23
864 4098 983 4151 nutritur
1006 4098 1034 4151 in
1056 4115 1121 4167 pace
1139 4099 1238 4166 strepet
1255 4097 1373 4152 nutritus
1392 4097 1420 4150 in

276 4207 342 4261 pace
367 4194 408 4244 est
426 4190 453 4243 P
476 4191 530 4257 (est
552 4204 572 4242 a.
592 4205 619 4241 a.
639 4190 695 4253 m2)
720 4186 840 4241 T‘BOM
862 4186 981 4240 nutritus
1005 4189 1048 4240 est
1071 4189 1125 4252 (est
1148 4188 1180 4240 a'n
1197 4203 1248 4256 my.
1267 4189 1315 4239 m2
1332 4185 1372 4252 D)
1392 4185 1420 4238 in

277 4296 342 4350 pace
362 4279 423 4332 DN
