3322 4914
248 435 254 446 ι
298 359 327 422 X
759 353 978 407 Praefatio.

299 555 336 617 de
369 551 483 632 loseph
517 549 681 615 confectus
714 549 757 613 sit
789 553 925 613 eruatur.
960 569 1021 631 qua
1054 549 1085 612 in
1118 567 1150 611 re
1184 547 1374 629 expedienda
1406 565 1443 610 44

300 658 486 723 adiuuamur
514 655 598 738 quod
621 655 820 730 Ambrosius,
850 674 922 718 cum
952 653 990 718 de
1015 654 1138 718 duobus
1163 653 1246 736 regis
1271 652 1444 717 Pharaonis

300 765 453 829 eunuchis
482 761 535 849 (44.
566 762 643 826 Gen.
674 764 726 839 40,
756 763 788 845 2)
814 761 975 839 disseruit,
998 761 1102 826 tribus
1124 761 1204 824 locis
1230 779 1305 824 suae
1329 759 1443 823 aetatis

300 871 470 954 spadonem
503 871 635 950 eiusque
668 871 784 933 sortem
818 867 954 949 quodam
981 868 1075 932 modo
1109 887 1181 931 cum
1206 870 1290 931 sorte
1314 866 1443 931 alterius

271 1017 277 1022 -
300 978 437 1041 eunuchi
457 977 698 1058 comparandam
719 974 920 1059 significauit.
946 975 1063 1038 etenim
1083 976 1113 1049 6,
1135 976 1177 1036 34
1196 973 1273 1037 haec
1291 974 1444 1056 legimus:

300 1084 440 1149 ‘alterius
475 1083 633 1148 somnium
666 1081 718 1166 (ct.
749 1081 826 1146 Gen.
862 1083 915 1158 to,
947 1083 987 1146 16
1016 1086 1096 1164 sqq.)
1124 1100 1185 1144 non
1219 1080 1300 1145 libet
1330 1080 1443 1143 dicere.

299 1189 489 1253 meministis
509 1192 593 1252 certe
611 1189 780 1252 uerborum
800 1207 952 1267 meorum,
972 1187 1053 1270 quod
1076 1187 1171 1251 etiam
1185 1191 1262 1251 tunc
1275 1186 1444 1268 refugerim

301 1297 369 1362 eius
403 1294 693 1379 interpretationem
725 1295 756 1358 in
790 1314 837 1372 44,
871 1295 962 1359 44144
997 1296 1115 1358 exitum
1149 1293 1281 1377 refugio,
1309 1297 1443 1357 mortem

300 1403 466 1478 horresco,
484 1403 596 1466 deinde
612 1421 636 1466 s.
653 1403 710 1466 33:
731 1406 778 1467 ‘et
792 1403 934 1467 factum
951 1404 1010 1466 est
1024 1401 1127 1484 inquit
1141 1404 1227 1484 post
1240 1399 1445 1464 biennium'

300 1508 353 1594 (cf.
384 1509 462 1575 Gen.
492 1511 544 1586 41,
580 1511 624 1595 1).
657 1510 793 1573 mentior·
825 1510 862 1574 de
895 1511 955 1574 hoo
988 1509 1086 1574 nostri
1115 1507 1263 1591 spadonis
1291 1510 1443 1588 tempore,

300 1616 361 1681 nisi
380 1616 496 1680 444444
517 1617 666 1680 conuenit
686 1667 692 1680 .
711 1667 741 1681 ..
763 1617 820 1680 sed
839 1617 901 1680 cito
921 1617 1005 1679 hunc
1023 1616 1130 1679 locum
1148 1615 1322 1696 praetereat
1346 1613 1444 1689 dolor,

300 1741 338 1787 ne
357 1724 427 1805 ipsa
446 1723 744 1788 commemoratione
764 1723 941 1798 cludescat3
967 1741 1005 1786 ne
1024 1722 1125 1804 ipsius
1147 1719 1273 1803 quidem
1293 1719 1444 1783 sermonis

301 1830 364 1894 mei
377 1831 559 1894 meminisse
576 1831 722 1906 delectat,
743 1850 835 1912 quem
855 1833 931 1894 tune
950 1828 1102 1911 temporis
1122 1829 1175 1891 uel
1194 1826 1340 1891 effuderit
1358 1825 1447 1889 dolor

301 1937 354 2000 uel
369 1937 533 2000 extorserit
548 1937 699 2000 eeclesiae
716 1937 928 2013 contumelia’,
945 1936 1079 2016 denique
1095 1953 1119 1999 s.
1137 1935 1194 1998 35:
1206 1933 1344 1996 ‘etDoec
1359 1951 1445 2013 prae-

300 2044 425 2125 positus
445 2046 512 2107 erat
531 2049 562 2106 et
580 2044 779 2126 praepositus
799 2044 881 2127 regis
902 2043 1083 2107 animalium
1104 2041 1143 2105 ad
1163 2038 1361 2120 disciplinam
1376 2057 1444 2101 mu·

300 2152 414 2227 lorum,
443 2150 503 2214 hoe
532 2152 581 2214 est
609 2150 784 2231 spadonum
809 2150 1001 2214 animalium.
1027 2149 1077 2212 hic
1102 2166 1226 2228 quoque
1251 2145 1446 2210 sacerdotem

303 2256 422 2322 domini
437 2257 552 2320 detulit
568 2259 599 2320 et
612 2276 718 2340 regem
734 2257 843 2321 fraude
860 2256 1022 2322 conmouit
1035 2256 1066 2318 in
1083 2253 1255 2319 sacerdotis
1271 2252 1446 2334 periculum

304 2365 336 2428 et
367 2363 419 2426 hic
449 2362 546 2446 Syrus
580 2366 656 2427 erat.
689 2383 764 2427 num
793 2365 938 2440 mentior,
969 2362 1092 2445 quando
1122 2364 1154 2424 et
1180 2359 1283 2441 patria
1310 2358 1447 2422 4444444

303 2470 517 2535 conueniunt?
541 2470 640 2534 riman
665 2487 789 2552 quoque
814 2469 961 2535 cubiculo
985 2468 1069 2552 regis
1094 2471 1126 2530 et
1148 2468 1216 2548 ipse
1235 2465 1446 2548 praepositus,

304 2576 377 2640 dum
406 2577 556 2640 inuadere
585 2577 736 2640 ecclesias
766 2576 884 2640 domini
911 2576 1043 2657 inproba
1074 2573 1252 2638 temeritate
1286 2569 1448 2634 contendit

301 2682 519 2766 populumque
548 2683 671 2748 fidelem
701 2683 835 2766 spoliare
864 2681 1081 2764 4444444444,
1106 2678 1256 2762 grauibus
1282 2675 1448 2758 sacrilegia

303 2789 468 2872 suppliciis
489 2789 655 2871 expandit'.
681 2809 775 2872 quem
800 2793 907 2854 autem
930 2789 1090 2853 hominem
1114 2787 1164 2850 his
1187 2784 1266 2850 locis
1291 2781 1447 2866 significa-

303 2897 387 2960 uerit
405 2896 603 2974 Ambrosius,
628 2897 765 2978 epistula
789 2917 883 2979 quam
908 2896 947 2960 ad
965 2893 1181 2959 Mareellinam
1205 2909 1344 2956 sororem
1368 2907 1446 2953 anno

306 3001 528 3068 CCCLXXXV
560 3004 655 3084 paulo
690 3008 764 3086 post
797 3005 879 3068 diem
909 3003 996 3066 Iouis
1025 3004 1097 3065 ante
1125 3018 1253 3082 pascam
1266 2996 1291 3083 ¹)
1320 2996 1449 3078 scripsit

304 3129 360 3174 nos
396 3109 519 3174 edoceri
551 3110 614 3175 iam
648 3131 743 3193 supra
771 3111 916 3174 diximus.
950 3108 995 3172 ibi
1024 3108 1106 3172 enim
1135 3109 1175 3189 (s.
1200 3107 1255 3187 28)
1278 3106 1447 3186 postquam

306 3215 343 3279 de
370 3216 570 3298 imperatoris
599 3217 811 3282 Ualentiniani
842 3214 974 3280 iunioris
1007 3213 1163 3278 mandatis
1196 3229 1322 3294 quoque
1354 3208 1448 3272 modo

305 3342 338 3386 se
363 3324 432 3388 eius
456 3324 597 3389 notarius
623 3325 819 3406 comitesque
844 3323 1019 3408 gessissent
1042 3320 1294 3404 4444444414444
1313 3315 1449 3379 addidit:

304 3429 449 3512 ‘denique
487 3429 582 3494 etiam
622 3431 751 3513 speciali
789 3429 986 3512 expressione
1024 3427 1208 3509 calligonus
1249 3421 1448 3506 praepositus

306 3535 445 3600 cubiculi
478 3536 556 3599 mihi
589 3536 738 3600 mandare
771 3555 867 3600 ausus
902 3539 964 3600 est:
998 3540 1058 3599 ‘me
1091 3533 1166 3596 uiuo
1199 3534 1236 3594 tu
1273 3526 1448 3593 contemnis

305 3642 583 3708 Ualentinianum?
618 3645 713 3725 caput
744 3643 803 3707 tibi
837 3643 937 3707 tollo’.
970 3641 1132 3723 respondi:
1166 3638 1254 3702 ‘deus
1286 3634 1451 3718 permittat

305 3749 364 3812 tibi
396 3751 434 3812 ut
464 3749 598 3830 impleas
628 3749 713 3832 quod
740 3749 879 3814 minaris.
914 3768 972 3832 ego
1001 3747 1104 3830 patiar
1131 3745 1216 3828 quod
1239 3741 1389 3824 episcopi,
1414 3743 1449 3802 tu

304 3856 401 3920 444444
430 3857 514 3937 quod
540 3856 722 3937 spadonis.¹'
745 3857 827 3921 hunc
854 3857 955 3940 igitur
983 3854 1192 3938 Calligonum
1221 3848 1380 3914 hominem
1413 3865 1450 3909 ex

306 3962 395 4046 Syria
427 3963 603 4041 oriundum,
638 3964 692 4046 qui
724 3964 924 4045 praepositus
958 3960 1097 4026 cubiculi
1126 3955 1338 4024 Ualentiniani
1368 3951 1449 4016 iuni·

305 4070 369 4134 4444
397 4069 467 4145 4444,
498 4069 571 4150 quia
599 4090 789 4153 quamquam
818 4070 915 4152 spado
945 4069 1047 4152 stupri
1080 4064 1342 4159 consuetudinem
1376 4079 1449 4124 cum

353 4260 372 4328 ¹)
392 4259 549 4331 44114444.
569 4263 612 4316 44.
