3322 4914
286 330 347 395 XII
748 326 966 382 Praefatio.

286 523 523 606 disputauimns
556 522 720 600 faciamus,
755 523 943 604 opuseulum
978 521 1015 586 de
1047 522 1115 586 Noe
1149 523 1328 586 conlectum
1361 541 1430 587 esse

232 679 235 685 .
286 629 414 694 uidetur
438 650 516 696 anno
537 629 803 706 CCCLXXXIIII,
824 628 936 694 deinde
957 647 1109 693 annorum
1128 630 1192 693 fere
1211 629 1307 693 trium
1328 629 1430 710 spatio

285 736 449 802 interiecto
483 737 585 801 secuti
618 739 693 800 sunt
723 736 796 800 libri
830 736 867 800 de
890 736 1060 812 Abraham,
1086 735 1123 798 19
1151 736 1251 813 Isaac,
1283 734 1321 798 de
1349 734 1430 798 bono

285 843 407 922 mortis,
432 844 470 908 19
493 843 600 922 Iacob,
621 844 659 907 de
678 844 793 927 Ioseph
812 843 895 907 intra
912 842 1075 906 biennium
1096 842 1149 906 uel
1167 841 1338 906 biennium
1359 859 1430 904 999-

286 949 408 1031 scripti.
443 949 558 1031 quibus
591 949 674 1014 inter
706 969 740 1014 99
773 949 951 1014 9991999119
988 951 1099 1030 postea
1132 967 1246 1029 corpus
1283 947 1430 1011 effectum

285 1058 336 1118 est
368 1056 405 1119 de
438 1056 625 1140 patriarchis
657 1056 857 1137 inscriptum,
890 1055 975 1138 9991
1011 1055 1074 1120 iam
1109 1053 1289 1120 Cassiodori
1326 1056 1429 1117 aetate

285 1181 347 1226 999
370 1166 534 1245 receptum
558 1161 659 1227 fuisse
684 1182 720 1226 er
744 1163 789 1226 eis
815 1181 894 1245 quae
914 1181 1010 1244 supra
1029 1161 1231 1244 exposuimus
1256 1160 1428 1244 colligitur.

285 1273 381 1350 atque
404 1269 499 1333 huius
529 1271 614 1332 extat
640 1269 814 1352 uestigium
842 1269 971 1351 aliquod
998 1269 1030 1332 in
1059 1268 1234 1346 codicibus,
1258 1267 1289 1330 in
1313 1266 1429 1348 quibus

285 1379 370 1439 certe
393 1376 467 1440 libri
491 1376 528 1439 19
551 1376 641 1440 Isaac
665 1376 702 1440 19
726 1376 807 1442 bono
831 1375 942 1440 mortis
966 1377 1004 1440 de
1027 1375 1121 1441 Iacob
1145 1373 1332 1457 interposito
1356 1374 1430 1455 post

285 1481 421 1546 alterum
447 1481 556 1548 libello
586 1483 624 1548 de
652 1484 729 1567 fuga
757 1483 876 1548 saeculi
905 1483 1080 1548 consociati
1106 1483 1265 1566 leguntur.
1293 1481 1326 1544 in
1357 1478 1428 1544 aliis

284 1588 334 1652 his
367 1589 577 1672 praemissum
609 1590 753 1654 inuenies
785 1590 903 1654 librum
935 1589 1070 1672 priorem
1104 1589 1141 1653 19
1173 1589 1343 1666 Abraham,
1376 1587 1428 1651 91-

283 1694 409 1760 iunctos
428 1695 553 1761 libellos
574 1696 612 1760 de
630 1697 745 1780 Ioseph
766 1699 797 1760 91
816 1696 854 1760 (19
872 1695 1148 1761 benedictionibus
1167 1695 1426 1779 patriarcharum.

724 1979 731 1991 '
824 1995 882 2057 ur.

330 2290 391 2356 Sed
414 2291 476 2354 iam
501 2290 539 2354 ad
562 2290 657 2354 aliam
679 2309 745 2354 rem
770 2289 992 2372 expediendam
1017 2310 1074 2355 999
1098 2290 1312 2374 accingamus,
1331 2293 1368 2355 91
1388 2291 1425 2355 19

281 2397 436 2461 librorum
469 2396 523 2478 991
555 2397 615 2461 hoc
650 2397 812 2460 uolumine
846 2396 1046 2461 continentur
1074 2396 1303 2479 compositione
1332 2398 1424 2462 etde

281 2504 423 2568 fontibus
457 2503 572 2585 quibus
609 2503 797 2568 Ambrosius
835 2522 913 2568 usus
954 2505 1003 2567 991
1039 2506 1218 2586 exponatur.
1257 2507 1352 2586 atque
1389 2507 1426 2569 ut

282 2611 424 2675 ordinem
446 2630 508 2675 usu
532 2613 695 2692 receptum
720 2629 899 2692 sequamur,
925 2610 962 2674 de
988 2629 1023 2675 99
1048 2630 1150 2693 opere,
1175 2610 1259 2693 quod
1286 2611 1423 2694 primum

280 2717 387 2782 locum
419 2718 550 2799 obtinet,
580 2720 652 2781 ante
682 2717 786 2781 omnia
813 2716 1127 2780 animaduertendum
1152 2719 1202 2780 est
1223 2717 1257 2780 id
1279 2717 1310 2781 in
1333 2718 1423 2782 libris

281 2824 396 2905 quibus
430 2823 609 2888 continetur
641 2823 785 2888 omnibus
822 2823 1040 2888 Erameron
1076 2822 1216 2887 inscribi.
1249 2823 1422 2888 Eramercn

279 2930 389 3014 igitur,
422 2949 482 2994 non
517 2932 743 3008 Heraemeron,
778 2930 805 2994 si
838 2930 914 3013 quid
946 2930 1035 2994 libris
1069 2930 1272 2994 tribuendum
1305 2933 1363 3010 cst,
1391 2930 1423 2995 id

278 3038 445 3101 uocauisse
486 3037 615 3102 uidetur
653 3036 852 3116 Ambrosius,
895 3056 1087 3120 quamquam
1127 3035 1283 3100 Basilium
1324 3037 1424 3103 forma

277 3139 466 3227 Ἓεαήμερον
494 3163 589 3208 usum
620 3163 688 3209 9999
718 3164 754 3208 99
782 3163 861 3227 9999
889 3144 921 3207 19
950 3143 1113 3208 codicibus
1137 3143 1239 3207 ueluti
1262 3143 1422 3209 Parisiaco

279 3268 325 3332 gr.
344 3250 440 3328 1753,
456 3270 549 3332 quem
564 3251 632 3334 ipse
648 3251 779 3328 contuli,
794 3251 968 3333 praemissa
983 3252 1056 3314 sunt
1071 3251 1244 3314 testantur:
1261 3245 1421 3312 Basileios

278 3351 512 3440 ἀρχιεπισκόπαυ
554 3353 742 3440 Καισαρείας
783 3353 1007 3428 Καππαδοκίας
1052 3353 1095 3426 εἰς
1140 3355 1192 3440 τήν
1233 3352 1421 3438 Ἕξαὴμερον

278 3457 381 3544 ‘spilla
404 3466 442 3524 α’.
456 3461 492 3546 ¹).
516 3463 672 3527 Basilium
694 3483 726 3529 se
749 3463 909 3528 imitatum
939 3484 1008 3528 esse
1030 3464 1063 3528 in
1085 3465 1146 3528 hoc
1170 3482 1262 3545 opere
1286 3460 1422 3526 conscri-

277 3567 378 3632 bendo
398 3569 485 3634 nullo
509 3571 579 3635 loco
599 3571 677 3635 dixit
695 3571 883 3636 Ambrosius
903 3590 1003 3653 neque
1024 3571 1092 3636 eius
1112 3570 1210 3634 ullam
1228 3568 1421 3633 mentionem

276 3793 469 3864 expediendam
496 3799 559 3849 sunt
584 3813 616 3850 99
642 3813 710 3865 9999
733 3796 766 3851 19
789 3796 926 3850 Abraham
950 3797 1011 3860 527,
1036 3796 1068 3850 15
1093 3797 1203 3860 91564,
1228 3797 1262 3850 14
1283 3795 1420 3865 leguntur,

276 3883 374 3950 quibus
402 3883 436 3937 ad
463 3884 525 3938 libri
554 3886 665 3940 alterius
693 3885 726 3940 de
754 3902 863 3941 excessu
890 3885 982 3964 fratris
1010 3888 1075 3939 sect.
1104 3885 1139 3940 96
1169 3885 1297 3954 (decessit
1329 3887 1419 3938 antem

274 3972 322 4025 ille
351 3989 374 4026 9.
404 3971 634 4039 CCCLXXVIIII,
662 3975 695 4030 91.
721 3975 782 4030 Ihm
809 3993 836 4046 p.
864 3975 910 4046 37)
938 3978 966 4029 91
992 3975 1056 4029 libri
1084 3973 1117 4028 dc
1142 3973 1267 4044 paradiso
1294 3977 1359 4028 9991.
1386 3972 1416 4026 11

274 4078 406 4115 rercrmur.

323 4151 341 4218 ι)
357 4152 436 4220 epse.
450 4154 494 4218 43,
511 4155 523 4207 1
544 4119 571 4206 re
592 4153 729 4208 contritus
749 4155 849 4224 legitur
866 4150 1069 4215 rennuere,
1085 4153 1223 4222 epictet,
1239 4153 1254 4206 1
1270 4151 1417 4208 euremaro·

275 4243 303 4294 91
322 4239 496 4296 ‘Exameron¹.
