3342 4920
304 314 368 378 646
759 269 967 366 lAmbrosii

303 505 535 590 adpropinquat
567 507 606 572 ad
635 506 723 572 illius
761 511 902 572 terrenae
938 506 1020 570 labis
1058 506 1304 588 corruptionem:
1343 504 1451 570 diuina

303 614 449 693 intendit,
472 617 628 680 terrenam
652 618 758 678 autem
783 614 946 679 materiem
969 613 1063 697 fugit.
1087 614 1164 697 fuga
1186 617 1293 678 autem
1317 615 1449 677 estnon
1532 611 1558 664 D

303 725 403 786 terras
430 722 616 804 relinquere,
645 722 700 788 sed
728 741 799 786 esse
825 722 858 786 in
881 721 985 800 terris,
1010 721 1167 785 iustitiam
1191 723 1223 786 et
1246 720 1449 786 sobrietatem

302 832 419 908 tenere,
452 829 631 894 renuntiare
663 829 763 906 uitiis,
797 849 858 894 uon
891 829 1004 894 usibus
1037 828 1276 892 elementorum.
1306 827 1452 911 fugiebat

304 935 410 999 Dauid
434 937 563 1000 sanctus
588 954 606 998 a
629 935 708 1000 facie
733 934 819 1011 Saul,
843 954 905 1000 non
928 933 1039 1016 utique
1062 937 1100 998 ut
1122 938 1220 998 tenas
1247 933 1450 1015 relinqueret,
1483 951 1497 990 ⁵

304 1042 361 1108 sed
383 1044 421 1107 ut
442 1042 564 1107 inmitis
586 1045 617 1107 et
635 1041 867 1107 inobseruantia
887 1045 919 1105 et
936 1041 1047 1123 perfidi
1067 1040 1238 1106 declinaret
1257 1040 1449 1123 contagium.

304 1148 449 1233 fugiebat
486 1152 593 1214 autem
631 1149 803 1214 adhaerens
841 1148 909 1227 deo,
948 1148 1033 1213 sicut
1065 1148 1133 1230 ipse
1166 1147 1224 1212 ait:
1258 1147 1451 1212 adhaesit

301 1259 399 1339 post
434 1258 473 1322 te
511 1256 641 1322 anima
676 1275 771 1321 mea.
809 1255 987 1321 abducebat
1023 1275 1057 1320 se
1095 1259 1128 1320 et
1159 1254 1329 1319 ableuahat
1359 1253 1450 1318 uitiis

282 1361 425 1430 ”saeculi
455 1364 563 1441 huius,
597 1363 745 1428 eleuabat
772 1362 907 1428 animam
936 1382 1026 1427 suam
1055 1363 1139 1427 sicut
1160 1361 1250 1426 lsaac
1277 1360 1310 1424 in
1338 1379 1448 1443 campo

304 1470 357 1534 uel
385 1468 583 1534 abalienabat
610 1470 673 1545 uel,
702 1471 740 1533 ut
771 1468 824 1533 alii
857 1469 985 1546 babent,
1020 1467 1251 1533 deambulabat.
1283 1487 1356 1532 nam
1388 1468 1448 1531 hoc
1469 1485 1494 1524 ιο
1526 1465 1554 1519 Ε
1643 1461 1644 1466 ’

305 1594 431 1657 quoque
460 1574 600 1640 ostendit
627 1594 700 1640 cum
729 1575 903 1639 uirtutibus
928 1575 1082 1640 familiare
1106 1574 1220 1640 habere
1244 1573 1449 1652 consortium,

305 1686 342 1747 ut
364 1681 547 1748 deambulet
569 1682 791 1765 unusquisque
814 1682 846 1746 in
870 1677 1047 1746 innocentia
1071 1681 1174 1746 cordis
1199 1680 1260 1758 sui,
1279 1681 1368 1745 nullo
1387 1699 1450 1744 usu

304 1789 436 1855 terrenis
454 1787 543 1854 uitiis
562 1788 735 1854 misceatur
753 1790 847 1870 atque
866 1787 1179 1871 inreprehensibilem
1196 1787 1283 1852 uiam
1297 1787 1449 1852 inoffense

305 1898 412 1977 carpat
439 1893 556 1958 mentis
583 1894 721 1977 uestigio
751 1912 808 1958 uec
835 1893 939 1958 ullum
965 1894 1073 1959 locum
1100 1893 1132 1958 in
1166 1911 1200 1958 se
1232 1892 1354 1974 aperiat
1385 1910 1451 1956 cor·

305 2000 453 2084 ruptioni.
1471 2017 1495 2056 1⁵

262 2107 280 2169 7
350 2107 436 2172 Talis
469 2111 536 2172 erat
567 2109 668 2184 Isaac,
702 2127 774 2172 oum
805 2107 982 2172 Rebeccam
1015 2107 1234 2172 aduenientem
1272 2112 1452 2189 expectaret

305 2233 490 2296 praeparans
529 2235 562 2280 se
600 2216 732 2297 copulae
770 2214 915 2297 spiritali.
952 2215 1101 2280 ueniebat
1138 2214 1221 2280 enim
1258 2217 1449 2282 caelestibus

304 2322 368 2385 iam
386 2320 495 2385 dotata
513 2321 685 2405 mysteriis,
700 2321 848 2386 ueniebat
866 2340 980 2405 magna
998 2339 1106 2386 secum
1126 2325 1308 2387 ornamenta
1326 2322 1450 2389 aurium
1525 2327 1548 2380 F

306 2432 338 2492 et
360 2448 511 2493 manuum
534 2428 646 2506 serens,
670 2447 707 2492 00
732 2428 816 2510 qnod
839 2428 951 2492 auditu
975 2431 1007 2492 et
1031 2426 1177 2508 operibus
1198 2428 1334 2493 emineat
1352 2431 1451 2496 ecole-

306 2536 370 2600 siae
389 2535 604 2618 pulchritudo,
625 2534 677 2601 cui
695 2537 780 2600 recte
800 2534 921 2598 dictum
941 2533 1151 2600 aduertimus:
1173 2536 1261 2599 esto
1281 2535 1317 2599 in
1337 2537 1451 2601 milia
1469 2551 1496 2592 2⁰

306 2642 475 2717 milium,
505 2645 544 2706 et
572 2661 704 2706 semen
733 2643 845 2706 tuum
877 2640 1091 2724 possideat
1124 2640 1451 2708 aduersariorum

305 2749 516 2814 ciuitates.
550 2749 663 2814 decora
685 2749 785 2833 igitur
808 2748 951 2826 ecclesia,
977 2766 1057 2830 qnae
1082 2767 1119 2812 ex
1140 2748 1279 2813 inimicis
1304 2751 1451 2834 gentibus

305 2855 387 2920 lilios
417 2855 601 2939 adquisiuit.
635 2855 690 2920 sed
717 2859 825 2938 potest
847 2856 907 2920 hoc
936 2855 1032 2920 etiam
1061 2854 1099 2918 ad
1128 2855 1264 2919 animam
1298 2855 1451 2938 deputari,

307 2980 385 3045 qnae
415 2963 579 3045 passiones
597 2963 751 3046 'corporis
785 2961 906 3046 subigit
934 2964 967 3026 et
994 2961 1033 3026 ad
1060 2961 1218 3025 uirtutum
1246 2961 1348 3026 officia
1380 2981 1451 3026 con-

271 3114 277 3127 .
306 3068 404 3132 uertit
439 3071 716 3152 repugnantesque
754 3071 860 3133 motus
900 3068 962 3134 sibi
995 3068 1198 3133 oboedientes
1232 3067 1339 3132 efficit.
1377 3087 1450 3152 ergo
1470 3075 1596 3130 isaael

306 3174 359 3238 uel
378 3173 481 3238 anima
498 3175 694 3256 patriarchae
714 3175 825 3240 uidens
845 3174 1033 3258 mysterium
1054 3174 1183 3251 Christi,
1203 3173 1316 3238 uidens
1334 3174 1451 3238 Rebec-

306 3298 374 3344 cam
398 3280 578 3344 uenieutem
603 3299 674 3344 cum
698 3281 785 3345 uasis
810 3281 913 3346 aureis
938 3285 971 3346 et
994 3281 1152 3365 argenteis
1171 3284 1334 3362 tamquam
1354 3281 1451 3345 eccle-

395 3469 583 3540 lnegire,
605 3469 637 3524 18
656 3487 714 3540 sqq.
770 3471 1020 3526 trasimenus
1074 3470 1171 3526 9Gcn.
1187 3472 1229 3534 24,
1245 3472 1279 3526 63
1336 3471 1368 3526 16
1384 3469 1450 3525 Gen.

306 3561 349 3622 24,
366 3561 403 3616 ’62
422 3576 462 3629 00.
520 3560 553 3614 18
573 3558 639 3614 Gen.
659 3559 702 3623 24,
723 3559 757 3613 22
812 3560 846 3614 20
866 3558 932 3614 Gen.
952 3561 995 3625 24,
1016 3560 1050 3614 60
1113 3561 1147 3614 26
1166 3559 1234 3614 Gen.
1253 3560 1296 3624 24,
1317 3561 1351 3614 63
1371 3560 1450 3614 0053

344 3686 356 3738 l
381 3685 463 3738 ullius
487 3685 569 3739 000100
586 3685 720 3740 Macroni
828 3684 922 3738 diuina
940 3685 1055 3738 AmrP
1077 3684 1170 3738 diuina
1189 3685 1248 3738 AN
1270 3684 1390 3738 diuinam
1414 3687 1450 3748 (m

241 3810 258 3826 2
305 3774 434 3842 000002
496 3774 677 3828 210000010οῐ0
696 3778 765 3840 (am
785 3775 910 3841 0000021
973 3775 1129 3828 3terrenas
1149 3773 1172 3844 (s
1192 3771 1325 3842 erae.)i1‘
1344 3776 1452 3826 terrena

305 3864 378 3920 arla
430 3862 565 3932 6periide
584 3864 645 3934 (10.
665 3863 754 3934 0002)
774 3866 800 3916 Α
819 3863 920 3935 perfide
942 3863 1001 3929 (10.
1022 3867 1047 3934 0)
1067 3863 1095 3916 Ρ
1131 3855 1261 3916 ι701000
1280 3864 1309 3915 00
1327 3861 1354 3913 Α
1373 3862 1451 3931 (ete.

306 3969 332 4010 a.
352 3955 408 4019 m2)
428 3957 475 4006 cet.
549 3953 749 4006 danimamea
770 3954 878 4021 postte
898 3950 940 4006 91¹⁴
1025 3953 1053 4004 te
1072 3951 1222 4007 tarasii
1299 3951 1331 4004 12
1350 3949 1415 4002 inde
1434 3965 1453 4002 a

307 4042 388 4094 uerbo
407 4043 438 4094 ut
456 4056 555 4094 rursus
571 4041 625 4094 iac.
649 4040 676 4094 V
727 4041 761 4095 14
780 4041 879 4094 mentis
899 4043 993 4110 carpat
1011 4039 1053 4098 itu
1116 4040 1147 4093 17
1167 4055 1331 4110 praepareris
1351 4039 1377 4109 (a
1395 4054 1416 4090 0.
1437 4053 1452 4103 0

305 4133 363 4195 m2)
382 4130 410 4183 A
463 4129 517 4183 iam
536 4128 699 4183 caelestibus
717 4129 790 4186 hP‘E
843 4129 877 4184 23
897 4129 1025 4199 deputari
1045 4131 1070 4194 (0
1089 4144 1109 4182 a.
1130 4146 1147 4194 0
1168 4127 1266 4198 no2)P
1318 4125 1453 4180 25016010

307 4217 625 4286 (1000000062120
