3322 4932
701 313 916 368 Praelatio.
1266 315 1380 379 LXXV

204 592 207 601 Ι
236 527 363 590 666666
388 528 466 590 quae
485 509 542 572 ille
560 510 733 574 norrauerat
751 511 924 572 atramento
945 508 1084 573 obduxit.
1105 509 1228 573 codices
1249 508 1346 576 vuer
1356 512 1380 590 1)

201 611 207 680 l
235 615 339 698 magis
364 635 437 679 cum
460 615 488 679 A
513 635 607 697 quam
632 634 703 680 cum
726 615 752 678 P
775 615 898 679 faciunt
921 634 957 678 66
981 615 1185 679 memorabile
1210 619 1260 680 est
1281 617 1313 679 in
1334 617 1379 680 eis

236 739 345 786 omnes
376 722 440 786 fere
469 724 673 802 correcturae,
703 741 783 803 6666
811 741 907 785 manu
936 723 1035 786 altera
1057 722 1088 786 in
1112 721 1140 785 A
1162 722 1270 786 illatae
1295 725 1379 799 sunt,

135 863 138 874 =
234 828 266 892 in
302 830 474 894 orationem
507 831 650 911 receptas
682 827 827 892 inueniri.
861 829 944 892 unde
976 829 1086 912 colligi
1122 847 1216 910 posse
1253 829 1380 893 uidetur

236 937 444 999 correctorem
466 935 540 998 libri
562 934 590 998 A
614 933 770 999 eiusmodi
797 934 877 998 libro
906 954 1000 999 usum
1025 953 1105 1001 esse.
1130 954 1165 998 ex
1188 936 1216 998 A
1239 938 1378 999 correcto

234 1042 392 1106 fluxerunt
411 1043 438 1105 D
459 1045 491 1105 et
509 1041 686 1118 Rcmcnsis,
704 1041 818 1123 inquo
838 1041 1005 1122 permultis
1024 1041 1104 1106 locis
1124 1044 1180 1105 aut
1197 1041 1267 1124 ipso
1285 1042 1309 1104 P
1325 1045 1380 1104 aut

235 1147 335 1213 simili
355 1148 462 1212 codice
481 1148 623 1211 adhibito
645 1147 819 1228 scripturae
840 1147 987 1229 antiquae
1006 1148 1172 1212 restitutae
1193 1150 1276 1211 sunt.
1296 1167 1332 1210 er
1354 1148 1379 1211 P

235 1255 373 1320 deriueti
396 1258 471 1318 sunt
492 1254 672 1319 Parisiacus
698 1255 794 1332 1719,
815 1255 904 1318 cuius
928 1255 992 1318 iem
1011 1274 1108 1337 supra
1125 1254 1243 1319 mentio
1264 1254 1380 1318 iniecta

236 1364 296 1439 est,
321 1380 512 1442 quamquem
545 1379 605 1424 non
640 1379 675 1424 ex
697 1362 724 1424 P
746 1361 828 1442 ipso,
858 1361 914 1425 sed
947 1381 982 1424 er
1015 1360 1123 1425 codice
1156 1361 1267 1425 multis
1299 1360 1379 1426 locis

233 1469 310 1532 talis
341 1468 449 1550 quales
478 1465 644 1533 66611191
672 1467 746 1532 libri
770 1487 828 1549 ope
850 1467 1019 1532 immutato
1049 1467 1202 1551 originem
1226 1466 1322 1543 duxit,
1348 1471 1380 1531 et

235 1575 292 1656 qui
319 1573 449 1656 propius
478 1573 518 1637 ed
540 1573 565 1637 P
590 1574 745 1638 accedunt
771 1574 923 1639 Perisiaci
953 1576 1039 1640 2639
1069 1574 1188 1639 6666611
1216 1575 1261 1638 XI
1288 1575 1378 1656 (olim

234 1677 440 1764 Bigotienus)
464 1682 496 1744 et
521 1681 605 1744 1729
630 1681 749 1745 saeculi
773 1681 834 1746 XII
857 1681 944 1766 (olim
970 1679 1167 1766 Bethuneus)
1191 1680 1214 1764 ).

280 1783 341 1851 His
364 1786 464 1870 igitur
487 1787 637 1869 expositis
663 1807 742 1869 quae
766 1788 848 1852 inter
870 1788 898 1852 A
923 1790 955 1852 et
977 1789 1002 1851 P
1025 1788 1103 1851 ratio
1132 1788 1307 1852 intercedat
1333 1787 1378 1850 irr-

235 1893 424 1976 quirendum
457 1896 515 1958 est.
550 1897 645 1976 atque
679 1895 706 1959 si
738 1895 892 1958 lectiones
922 1895 953 1958 in
982 1895 1205 1959 commentario
1235 1896 1377 1958 enotatas

233 2001 489 2085 perlustraueris,
513 2004 684 2083 utrumque
708 2019 781 2066 sane
805 2002 918 2065 habere
943 2020 1003 2082 quo
1029 2002 1265 2066 commendetur
1287 2000 1377 2063 intel·

234 2108 335 2190 leges.
361 2124 455 2187 quam
475 2106 512 2170 ob
531 2125 598 2170 rem
617 2106 649 2169 in
669 2105 893 2189 scriptionibus
914 2107 952 2171 de
972 2107 1086 2188 quibus
1106 2105 1253 2170 hocloco
1274 2105 1379 2188 agitur

234 2193 403 2292 utriusque
439 2212 592 2277 lectiones
631 2212 799 2296 diligenter
835 2214 1055 2277 examinandas
1089 2233 1125 2277 66
1160 2210 1377 2295 ponderandas

235 2339 306 2384 esse
329 2320 427 2400 patet.
450 2319 551 2384 maior
573 2323 679 2384 tannen
703 2320 770 2384 sine
795 2320 890 2384 dubio
914 2321 986 2384 libri
1006 2321 1033 2384 A
1057 2320 1229 2385 auctoritas
1249 2321 1281 2381 et
1299 2316 1377 2380 fides

235 2429 295 2503 esi,
319 2426 352 2489 id
375 2425 459 2507 quod
482 2426 532 2488 his
555 2426 635 2490 locis
658 2425 812 2509 respectis
837 2426 1104 2508 comprobabitur:
1130 2426 1204 2503 644,
1231 2427 1268 2489 11
1295 2423 1378 2487 olias

235 2530 304 2617 (m2
328 2530 429 2614 aliud)
453 2533 508 2612 poi
531 2531 596 2594 odit
617 2532 645 2596 A
669 2532 757 2595 alind
779 2533 861 2616 qood
886 2533 952 2596 odit
974 2533 1009 2608 P,
1035 2533 1110 2608 648,
1137 2534 1177 2596 18
1201 2531 1329 2612 captiuo
1350 2530 1378 2594 A

235 2643 330 2719 copta
352 2639 387 2715 Ρ,
413 2639 488 2715 669,
514 2641 533 2702 3
557 2639 701 2703 odoribus
723 2638 751 2702 A
774 2639 916 2718 operibns
935 2640 970 2714 Ρ,
995 2640 1070 2715 669,
1096 2640 1115 2702 6
1139 2636 1378 2702 orationibasA

235 2745 274 2808 de
293 2745 485 2809 orationibus
503 2746 539 2809 P.
559 2765 639 2827 quae
660 2765 732 2810 cum
751 2744 796 2810 ita
815 2745 888 2824 sint,
908 2746 947 2809 iis
966 2745 1056 2821 locis,
1077 2744 1192 2828 quibus
1212 2744 1378 2826 utriusque

236 2853 411 2936 scripturae
439 2852 513 2917 ferri
539 2855 686 2934 possunt,
713 2853 817 2917 ueluti
849 2853 923 2928 660,
955 2853 992 2915 17
1023 2855 1066 2916 cst
1092 2852 1121 2916 A
1148 2855 1192 2914 est
1220 2855 1249 2914 et
1270 2851 1306 2925 P,
1329 2849 1379 2913 illi

236 2959 386 3024 adsentiri
418 2979 478 3024 non
507 2959 662 3024 dubitaui.
691 2963 799 3024 contra
825 2959 851 3022 P
883 2978 1081 3040 nequaquam
1115 2957 1378 3023 contemnendum

236 3085 307 3131 6666
331 3067 381 3131 his
406 3067 484 3131 locis
509 3065 692 3131 edocemur:
722 3067 797 3144 645,
823 3066 864 3130 16
888 3066 931 3128 od
952 3066 1163 3145 petulantiora
1185 3065 1210 3128 P
1235 3065 1380 3144 adpeten-

149 3224 153 3232 .
235 3173 315 3238 tione
337 3173 374 3250 A,
400 3174 473 3251 675,
499 3174 518 3236 8
543 3173 660 3236 616666.
685 3173 793 3236 claude
817 3173 842 3235 P
866 3171 973 3236 clarrde
995 3172 1033 3236 A.

283 3489 302 3557 1)
320 3491 405 3544 libros
424 3489 488 3548 91¹¹E
508 3507 538 3545 er
556 3490 589 3548 tt‘
608 3493 760 3545 manauisse
779 3491 865 3546 uideri
884 3493 938 3546 lanr
958 3509 1038 3562 supra
1056 3509 1081 3562 p.
1095 3493 1195 3546 LXXII
1210 3493 1311 3548 dictum
1328 3500 1378 3550 est.

282 3596 301 3664 ²)
323 3597 459 3651 codicibus
478 3599 535 3654 our
560 3598 655 3651 similis
680 3601 721 3651 est
743 3597 963 3652 Uindobonensis
988 3600 1047 3662 705,
1072 3599 1151 3654 foede
1179 3603 1327 3671 corruptus.
1349 3619 1379 3656 ex

235 3687 305 3739 libro
325 3685 346 3739 Τ
365 3686 448 3739 simili
472 3686 549 3740 fluxit
573 3686 656 3740 editio
680 3687 890 3741 Mediolanensis
915 3705 937 3740 a.
959 3688 1025 3741 1491
1048 3689 1153 3750 emissa,
1173 3689 1201 3741 in
1221 3705 1275 3758 666
1293 3685 1379 3760 prima

237 3775 395 3845 opusculum
414 3775 447 3828 de
467 3774 543 3828 16666
562 3776 634 3844 typis
655 3776 814 3844 exscriptum
835 3781 889 3839 est;
910 3775 1031 3830 conferas
1051 3793 1119 3845 quac
1139 3777 1172 3830 de
1188 3795 1219 3831 66
1233 3779 1304 3832 Η616
1317 3779 1330 3831 Ι
1345 3781 1379 3832 99

238 3869 265 3916 et
285 3863 486 3918 schoenemann
507 3864 587 3918 1375
603 3869 788 3934 exposuerunt.
809 3867 962 3920 simillimus
982 3885 1087 3937 666666
1101 3867 1170 3921 libro
1186 3867 1207 3920 T
1221 3867 1275 3920 fuit
1288 3868 1379 3931 codex,

238 3969 290 4024 quo
310 3951 458 4006 Guilelmus
478 3953 562 4006 abbas
582 3971 601 4007 s.
622 3952 789 4017 Theoderici,
809 3958 906 4025 postea
923 3958 1069 4010 monachus
1089 3957 1279 4026 Signiecensis,
1300 3973 1379 4025 quem

237 4043 308 4096 circa
331 4058 355 4096 6.
375 4041 523 4096 MGXXXX
548 4042 646 4096 uixisse
669 4043 786 4096 Maurini
810 4047 943 4107 statuunt,
963 4046 991 4098 in
1010 4047 1201 4100 commentario
1221 4046 1247 4098 in
1268 4043 1380 4099 Cantica

238 4131 403 4185 canticorum
422 4131 592 4200 compilando
612 4148 675 4184 6666
696 4134 745 4184 est.
766 4131 798 4185 de
818 4149 869 4202 quo
885 4135 1013 4203 opusculo
1030 4135 1187 4187 aMaurinis
1201 4134 1230 4186 in
1244 4132 1379 4188 Ambrosii

237 4236 347 4290 operum
367 4219 513 4272 editionem
531 4222 641 4290 recepto
659 4220 702 4273 illi
720 4221 774 4273 uol.
794 4220 808 4272 I
825 4237 851 4290 p.
873 4223 941 4276 1545
961 4239 1000 4292 66.
1021 4222 1236 4291 disputauerunt.
