3342 4920
496 361 537 413 De
557 360 694 414 Abrabam
712 361 740 414 11
758 363 784 426 4,
806 358 847 415 17.
869 359 901 415 18
939 363 962 428 (Ι
982 363 1035 416 320
1054 361 1155 433 A-n).
1329 365 1392 432 577

247 555 286 620 de
305 556 421 620 finibus
442 563 594 621 sensuum
613 575 766 620 meorum.
792 577 914 622 recurre
936 557 997 621 cito
1018 577 1053 621 eo
1073 558 1156 622 unde
1179 557 1307 626 uenisti.
1331 579 1392 623 non
1418 568 1438 624 c

248 664 391 728 sustineo
419 665 631 746 praesentiam
659 667 759 742 tuam,
794 664 927 748 adfligor
959 665 1109 748 grauibus
1143 666 1393 747 quaestionibus,

156 765 200 828 18
248 770 324 834 darm
346 771 512 834 tenendam
536 773 568 835 te
593 771 734 849 arbitror,
760 789 853 854 quam
876 776 982 835 tenere
1005 792 1065 837 non
1089 773 1244 855 possum?
1266 791 1395 836 conuer-

248 897 303 942 sus
332 877 443 942 deinde
473 877 511 941 ad
540 878 677 959 aliquem
705 878 892 942 monitorem
922 878 983 955 sui,
1008 879 1063 959 qui
1088 879 1247 943 studuerit
1268 879 1300 944 in
1325 881 1394 942 eius

218 1006 230 1043 c
248 988 386 1048 mentem
400 984 547 1048 inducere
564 984 806 1049 adsuetudinem
823 985 1028 1049 castimoniae
1045 986 1183 1069 allegans
1194 1005 1255 1049 non
1266 985 1395 1051 arduam

247 1092 313 1156 fore
341 1111 398 1156 nec
426 1091 656 1174 inpossibilem,
681 1092 736 1155 sed
760 1091 909 1173 pluribus
930 1093 1059 1168 sociam,
1084 1093 1251 1156 finitimam
1275 1093 1394 1157 studio-

249 1200 304 1273 sis,
335 1199 572 1264 conuenientem
600 1199 791 1265 uoluntariis
820 1198 907 1282 ‘quid
935 1199 1005 1263 hoc‘
1028 1199 1132 1281 inquit
1155 1200 1271 1264 ‘fecisti
1294 1199 1394 1265 mihi?

249 1325 344 1387 quare
363 1325 424 1369 non
445 1305 551 1369 dixisti
570 1305 649 1368 mibi
668 1305 742 1387 quia
760 1325 837 1368 uxor
855 1309 911 1369 tua
931 1308 1068 1370 6612-
1083 1308 1143 1371 boc
1164 1310 1222 1384 est,
1240 1327 1319 1389 quae
1333 1327 1393 1372 non
1413 1316 1439 1370 D
1550 1355 1554 1362 ,

248 1413 468 1495 perfunctorie,
494 1411 550 1476 sed
572 1412 716 1496 legitimo
741 1415 886 1476 teneatur
909 1413 1069 1496 coniugio
1092 1413 1261 1478 maximam
1289 1433 1396 1478 secum
1422 1408 1441 1452 ’·

186 1519 347 1583 'reuehat
373 1518 490 1593 dotem,
520 1538 600 1600 quae
624 1517 756 1582 innabat
780 1519 888 1602 grauia
912 1538 1005 1583 onera
1028 1519 1221 1583 matrimonii
1245 1523 1276 1583 et
1301 1520 1395 1584 durae

248 1626 359 1690 faenus
384 1625 613 1690 coniunctionis
629 1663 682 1700 —-,
700 1624 767 1688 ‘sed
791 1624 897 1689 dixisti
921 1645 1070 1702 sororem,
1095 1626 1192 1689 nullis
1212 1626 1395 1690 adstrictam

249 1732 375 1814 legibus
400 1734 432 1795 et
454 1734 583 1796 naturae
609 1731 737 1807 sociam,
762 1751 823 1794 non
847 1731 915 1795 iure
939 1731 1045 1813 aliquo
1071 1732 1186 1796 dotalis
1211 1751 1324 1796 census
1345 1751 1396 1796 su-

248 1838 377 1920 perbam
407 1857 443 1902 ao
465 1841 637 1920 potentem.
672 1838 779 1919 itaque
804 1838 974 1920 inprudens
1000 1857 1129 1902 onerum
1155 1839 1223 1902 eius
1248 1839 1395 1918 copulan-

251 1944 323 2009 dam
346 1945 425 2008 mihi
450 1965 519 2008 eam
549 1947 581 2010 et
607 1944 801 2008 retinendam
829 1947 1025 2026 putaueram.
1055 1944 1111 2008 sed
1138 1944 1280 2008 intellexi
1312 1945 1396 2026 quod

208 2077 231 2113 15
250 2049 374 2132 pondus
399 2050 448 2113 sit·
463 2051 495 2114 in
520 2069 555 2114 ea
579 2052 612 2114 et
635 2051 765 2114 sarcina.
791 2069 862 2115 ecoe
887 2051 1052 2142 mulierem
1075 2055 1173 2128 tuam,
1198 2052 1231 2116 id
1255 2055 1305 2116 est
1323 2060 1440 2116 eccon

250 2156 413 2238 persuasio
442 2160 498 2221 tua
526 2160 597 2220 ante
625 2160 667 2234 te,
698 2157 804 2240 accipe
834 2161 865 2222 et
891 2177 1025 2222 recurre.
1060 2160 1131 2223 nolo
1161 2162 1233 2222 ante
1261 2178 1311 2222 me
1344 2158 1396 2235 sit,

251 2263 322 2326 nolo
346 2263 378 2326 in
402 2264 482 2326 meis
507 2263 765 2348 cogitationibus.
796 2265 874 2327 tolle
902 2266 933 2327 te
962 2263 1035 2328 hinc
1059 2284 1132 2328 cum
1155 2264 1220 2328 tuis
1244 2263 1396 2340 consiliis

252 2388 324 2433 oum
348 2372 405 2434 tua
428 2370 650 2448 admonitione,
676 2370 738 2434 cito
762 2371 850 2447 tolle,
876 2371 938 2435 cito
957 2390 1095 2434 recurre:
1119 2390 1223 2435 moras
1243 2374 1316 2434 tuas
1335 2391 1397 2435 non

251 2475 327 2553 lero,
348 2477 544 2541 adflictiones
565 2480 639 2540 sunt
657 2476 750 2540 mihi:
772 2477 850 2541 satis
871 2479 919 2541 est
939 2476 1023 2558 quod
1042 2480 1114 2540 ante
1134 2477 1285 2560 deceptus
1306 2483 1397 2541 sum?

209 2609 235 2646 20
256 2587 287 2645 et
314 2583 403 2646 misit
430 2583 573 2648 alumnos
603 2603 689 2660 suos,
719 2584 834 2664 quibus
863 2587 999 2666 uagatur
1025 2584 1212 2666 plerumque
1240 2605 1329 2648 mens
1352 2584 1397 2647 in·

251 2690 485 2771 temperantior,
513 2692 647 2754 uoluens
677 2691 780 2754 animo
810 2691 1018 2773 cogitationes
1046 2692 1187 2755 luxuriae
1216 2691 1396 2756 ambitionis

252 2796 403 2861 auaritiae
431 2800 462 2861 et
491 2797 633 2862 diuersas
660 2798 835 2862 inlecebras
865 2797 1035 2873 offendens,
1064 2802 1100 2862 ut
1133 2797 1330 2862 eliminarent
1361 2817 1396 2861 ac

250 2902 344 2986 longe
371 2904 582 2986 propellerent
611 2904 839 2979 castimoniam,
870 2923 908 2968 ne
936 2923 1099 2968 recursum
1127 2904 1246 2968 faceret
1277 2904 1309 2968 in
1342 2915 1441 2968 6661Ἰ

250 3009 339 3084 fines,
365 3011 480 3092 quibus
503 3013 606 3076 fuerat
630 3011 769 3094 expulsa,
794 3029 856 3093 quo
882 3031 992 3076 secura
1014 3012 1077 3074 iam
1103 3015 1134 3076 et
1157 3011 1278 3075 arbitrii
1302 3011 1396 3076 serio-

207 3144 233 3182 66
250 3116 295 3180 ris
319 3117 419 3182 libera
441 3119 472 3181 in
496 3119 635 3200 peccatis
660 3119 726 3182 suis
750 3117 898 3201 redargui
920 3137 982 3182 non
1009 3117 1236 3182 reformidaret.

291 3465 357 3520 ide
376 3482 397 3520 s.
416 3483 443 3520 u.
462 3470 509 3520 m2
528 3468 555 3520 P
632 3485 738 3522 recurre
758 3469 811 3522 cito
832 3469 858 3520 P
877 3473 915 3528 [re
936 3485 949 3522 c
968 3469 1084 3534 iuras.)
1163 3466 1233 3520 unde
1252 3465 1307 3518 PB
1325 3464 1397 3517 unde

252 3554 348 3608 bueT
365 3554 435 3608 unde
454 3557 499 3610 hic
519 3563 566 3610 eet.
622 3554 933 3628 2quaestionib.P(b.
954 3573 986 3610 eac
1005 3554 1028 3624 a)
1082 3555 1264 3612 3tenendum
1278 3553 1400 3607 DNCM

253 3644 269 3696 5
283 3649 350 3710 poet
367 3659 421 3696 uon
441 3645 549 3699 arduam
572 3647 637 3699 aad.
653 3647 764 3699 arduam
781 3663 836 3698 non
850 3645 912 3699 DN
964 3645 980 3698 8
1001 3645 1080 3714 quac]
1096 3644 1168 3712 quod
1180 3644 1207 3696 B
1263 3643 1296 3697 10
1316 3658 1398 3695 onera

257 3732 345 3784 TT‘B
362 3732 507 3786 honeraD
527 3734 556 3798 (b
571 3738 714 3800 eras.)cet.
771 3735 802 3788 11
822 3734 980 3788 fenuslibrc'
1052 3732 1242 3798 dixistiP(sti
1260 3748 1281 3786 s.
1298 3734 1396 3796 mm2)

255 3821 288 3876 12
307 3823 410 3874 naturae
430 3822 457 3874 P
473 3822 505 3891 (ae
526 3839 558 3875 erc
577 3828 602 3888 a)
678 3824 838 3876 ramerum
860 3842 877 3874 α
895 3839 1006 3876 cnorum
1028 3824 1053 3876 Τ
1070 3823 1201 3876 bonorum
1220 3821 1247 3874 B
1265 3821 1397 3873 honorum

254 3914 301 3963 cet.
367 3911 400 3963 14
419 3911 564 3964 tenendam
587 3911 645 3964 ΤΡ
711 3913 742 3966 15
762 3912 859 3964 mulier
876 3915 924 3966 tua
943 3912 1022 3966 adest
1040 3913 1067 3965 B
1131 3912 1164 3964 16
1184 3913 1212 3964 et
1230 3910 1320 3978 accipe
1342 3907 1401 3960 CM

291 4014 365 4051 curre
384 3998 445 4052 DN
498 4001 530 4052 17
551 4000 763 4069 cogitationibus
782 4000 819 4054 sit
836 4001 863 4053 B
935 4001 1026 4054 tollite
1045 4000 1106 4070 (om.
1126 3999 1207 4068 te)T
1259 3999 1292 4052 19
1311 3998 1397 4051 refero

254 4087 315 4141 DN
368 4086 402 4141 20
421 4089 579 4157 plerumque
598 4093 714 4158 uagatur
733 4089 760 4142 B
822 4089 855 4142 22
875 4090 1045 4143 eliminarent
1062 4090 1090 4141 P
1108 4089 1129 4154 (i
1149 4089 1197 4142 ult.
1217 4104 1249 4142 ecc
1268 4088 1293 4154 a)
1368 4105 1398 4141 ac

255 4193 288 4229 esc
305 4177 375 4230 banc
398 4177 423 4229 Τ
511 4179 545 4230 23
573 4182 754 4248 proponerent
772 4178 893 4234 1)an
980 4180 1015 4232 24
1041 4179 1113 4248 quod
1136 4179 1161 4231 Τ
1248 4179 1282 4231 25
1306 4177 1397 4231 formi-

256 4263 351 4318 darent
369 4266 432 4319 DN
