3322 4914
660 312 880 368 Praefatio.
1311 315 1339 376 V

196 506 348 571 librorum
377 527 543 572 numerum
574 507 697 574 efficere
724 509 885 586 uolumus,
910 508 1113 573 statuendum
1142 512 1191 573 661
1215 509 1340 574 Cassio·

196 613 309 676 dorum
338 613 430 678 tertio
457 613 640 695 libro„quo
670 614 707 677 de
735 614 824 678 Isaac
857 613 1034 696 expositum
1068 633 1137 679 6666
1170 615 1257 692 dixit,
1287 616 1340 679 61-Ι

195 719 336 784 16611666
359 720 504 784 1116116111
530 721 567 784 16
595 721 676 785 bono
706 721 828 801 mortis,
853 721 907 802 qui
935 723 1098 804 tamquam
1122 722 1217 786 huius
1241 723 1339 786 altera

196 844 268 908 pars
293 829 351 904 est,
377 826 455 892 duos
479 827 577 906 libros
602 827 639 890 16
663 827 767 905 Iacob,
793 827 928 908 denique
952 827 1141 909 opusculum
1167 828 1205 892 16
1223 829 1336 910 loseph

196 952 269 997 cum
294 953 341 1011 eo,
366 933 450 1016 quod
474 953 555 999 nunc
572 934 610 998 de
628 933 902 999 benedictionibus
924 934 1172 1016 patriarcharum
1195 938 1339 1012 uocatur,

196 1039 450 1119 coniunctum.¹)
479 1059 552 1104 cum
579 1039 679 1124 igitur
706 1043 828 1105 certum
852 1060 922 1106 esso
946 1041 1092 1106 uideatur
1116 1039 1340 1105 Cassiodorum

195 1145 228 1209 in
261 1147 472 1229 computando
507 1148 586 1213 duos
619 1147 717 1213 libros
751 1148 788 1212 dc
820 1148 915 1212 Iacob
948 1147 1058 1230 quinto
1092 1150 1125 1212 61
1152 1150 1238 1212 66116
1266 1149 1338 1212 1666

196 1252 353 1336 posuisse,
378 1255 509 1319 eandem
533 1274 658 1337 quoquc
681 1255 835 1320 rationem
860 1275 932 1320 eum
955 1255 987 1318 in
1010 1253 1101 1318 libris
1125 1253 1163 1317 de
1181 1253 1340 1317 Abrabam

196 1360 397 1424 numerandis
431 1364 610 1444 amplerum
644 1380 713 1426 esse
746 1365 840 1444 atque
873 1380 910 1425 ea
942 1380 1021 1443 quac
1052 1361 1083 1423 in
1118 1359 1242 1424 exordio
1266 1359 1340 1423 libri

196 1465 234 1530 de
263 1467 377 1549 Ioseph
405 1467 556 1551 leguntur
584 1472 730 1532 secutum
752 1468 898 1533 libellum
923 1467 960 1532 de
983 1468 1052 1531 Noe
1077 1486 1095 1530 6
1118 1485 1247 1549 6616616
1270 1466 1337 1542 illo,

196 1573 280 1654 quod
308 1575 555 1656 patriarcharum
585 1575 710 1640 nomine
739 1574 943 1659 significauit,
972 1575 1144 1640 occlusisse
1177 1573 1339 1656 probabile

196 1685 254 1743 est.
279 1681 393 1762 quodsi
413 1700 438 1746 c.
460 1684 479 1745 6
500 1681 591 1746 dicit:
616 1688 698 1746 ‘nam
723 1684 851 1746 sanctus
875 1681 1062 1746 Ambrosius
1086 1681 1117 1744 in
1139 1680 1220 1745 libro
1244 1683 1299 1763 pat
1317 1680 1340 1727 ‘-

196 1786 371 1864 archarum
406 1788 460 1852 ubi
494 1789 531 1853 de
563 1807 697 1871 persona
728 1788 844 1872 loseph
876 1788 944 1870 1666
975 1788 1128 1869 loquitur,
1163 1787 1338 1851 secundum

194 1891 312 1957 librum
331 1894 615 1961 Macchabaeorum
634 1894 769 1977 exempli
788 1914 884 1960 causa
902 1894 1182 1972 commemorauit,
1196 1893 1338 1977 legentes

195 1999 235 2062 ad
259 2001 416 2066 sectiones
440 2004 479 2066 41
507 2005 604 2066 6142
627 2003 701 2068 libri
725 2003 856 2068 61161166
881 2002 918 2065 (16
941 2002 1037 2067 Iacob
1062 2000 1198 2084 delegat,
1223 1998 1337 2080 quibus

195 2105 480 2173 Macchabaeorum
498 2109 638 2175 laudatio
658 2110 776 2174 616616
794 2113 852 2176 661.
878 2109 933 2174 661
955 2109 1071 2172 mirum
1095 2126 1169 2172 sane
1193 2110 1242 2170 661
1265 2125 1337 2170 6616

195 2213 256 2277 boc
283 2216 353 2280 loco
383 2217 548 2299 scripsisse
572 2216 614 2280 ‘in
641 2217 723 2281 libro
752 2216 1022 2298 patriarcharum,
1047 2233 1118 2278 cum
1147 2214 1241 2296 paulo
1266 2214 1338 2276 ante

196 2339 221 2385 c.
246 2324 265 2384 5
291 2323 469 2387 accuratius
497 2343 663 2387 numerum
690 2324 764 2388 libri
791 2323 897 2387 uerbis
921 2323 963 2386 ‘in
985 2322 1066 2386 libro
1090 2321 1185 2385 tertio
1209 2319 1339 2401 patriar-

196 2429 337 2492 charum'
359 2428 558 2508 indicauerit,
581 2450 682 2513 neque
706 2430 774 2495 ueri
798 2430 902 2495 simile
926 2449 999 2494 eum
1024 2447 1138 2511 corpus
1161 2426 1240 2491 illud
1265 2423 1338 2489 libri

196 2535 322 2599 nomine
342 2535 571 2620 designauisse.
593 2557 688 2618 quam
707 2537 746 2601 ob
765 2556 831 2600 rem
856 2538 1102 2600 consentaneum
1121 2552 1191 2597 6666
1210 2531 1339 2594 6116161

194 2643 312 2720 (66116),
337 2643 421 2724 quod
444 2663 574 2709 numero
595 2644 639 2708 Vl
659 2644 813 2726 scriptum
838 2645 913 2721 erat,
936 2645 1010 2724 6661
1032 2641 1087 2726 (16ἥ
1105 2638 1268 2704 616111666.
1288 2636 1338 2700 his

193 2747 294 2832 igitur
307 2750 458 2832 expositis
471 2751 536 2815 iam
546 2750 586 2815 61
596 2750 813 2833 quaestionem
825 2768 920 2832 quam
929 2749 1104 2812 tractamus
1114 2743 1338 2827 expediendam

194 2857 331 2920 rerrcrsis
355 2857 446 2922 nobis
470 2857 509 2922 16
534 2859 699 2939 66666616,
725 2857 809 2939 quod
833 2856 871 2920 de
892 2855 967 2921 Cain
992 2859 1024 2919 61
1040 2853 1122 2917 Abel
1144 2849 1337 2926 inscribitur,

195 2964 350 3048 agendum
375 2967 434 3028 661.
458 2965 543 3046 quod
566 2964 696 3029 eandem
718 2964 783 3028 fere
808 2965 925 3028 sortem
950 2981 1045 3043 quarn
1063 2960 1145 3024 liber
1164 2958 1201 3022 16
1219 2955 1336 3039 loseph

194 3073 356 3154 expertum
389 3074 439 3135 est
470 3071 609 3154 pessime
640 3071 673 3134 in
702 3071 781 3135 duos
808 3069 907 3133 libros
936 3068 1087 3132 diuisum.
1112 3084 1174 3147 qua
1196 3064 1228 3128 in
1251 3083 1285 3128 re
1308 3063 1337 3128 is

195 3178 249 3259 qui
280 3177 360 3242 banc
394 3177 582 3242 diuisionem
614 3177 758 3243 instituit
789 3175 1013 3257 disputationis
1045 3177 1187 3237 tenorem
1219 3174 1338 3236 temere

193 3283 363 3368 interrupit
385 3305 487 3368 neque
509 3285 542 3350 id
567 3285 700 3364 curauit,
725 3287 762 3348 61
785 3288 817 3348 61
839 3283 913 3348 libri
940 3281 1053 3365 prioris
1078 3280 1180 3344 exitus
1205 3281 1238 3342 61
1261 3278 1337 3342 alte·

192 3391 259 3456 rius
284 3392 446 3457 exordium
465 3395 537 3474 apte
556 3393 834 3458 conformarentur.
847 3390 871 3470 2)
892 3393 999 3454 utrum
1020 3390 1127 3452 autem
1146 3385 1337 3468 opusculum

194 3497 232 3562 de
256 3499 332 3564 Cain
357 3502 390 3564 et
412 3499 492 3564 Abel
516 3519 532 3563 e
557 3498 755 3564 sermonibus
780 3496 950 3562 conflatum
974 3494 1016 3559 sit
1039 3512 1078 3557 an
1100 3493 1164 3556 iam
1187 3491 1336 3574 primitus

193 3605 224 3669 in
257 3605 432 3689 legentium
464 3623 560 3668 usum
592 3604 816 3686 compositum,
849 3601 943 3666 certis
977 3597 1172 3684 argumentis
1205 3596 1337 3680 prolatis

194 3711 359 3777 diiudicari
389 3731 451 3776 non
483 3713 600 3795 661661.
634 3710 779 3795 adsurgit
811 3728 885 3774 sanc
918 3707 969 3772 hic
1002 3707 1070 3771 illic
1103 3704 1202 3770 oratio
1234 3722 1335 3786 neque

238 3955 258 4023 ¹)
279 3957 324 4011 611
343 3957 412 4011 enim
431 3957 490 4012 6611
508 3958 597 4011 1116116
616 3959 659 4012 661
677 3954 737 4010 edm
756 3954 824 4008 1666
843 3953 877 4008 16
894 3951 976 4007 Iacob
994 3951 1078 4005 libror
1096 3951 1235 4019 tamquam
1254 3963 1336 4000 unum

192 4045 377 4099 numerauisse
396 4048 425 4100 et
441 4045 564 4100 libellum
583 4044 616 4100 de
636 4042 871 4098 benedictionibus
894 4040 1107 4110 patriarcharum
1129 4040 1267 4105 tamquam
1291 4051 1337 4105 pc·

193 4135 319 4189 culiarcm
338 4135 414 4189 16116
431 4134 509 4189 illurn
530 4150 583 4204 quo
603 4133 635 4188 16
654 4131 753 4202 Ioseph
773 4131 862 4200 agitur
880 4129 1010 4200 posuisse.

237 4223 259 4292 ²)
279 4224 312 4281 ci.
332 4242 400 4295 quac
420 4224 453 4280 16
472 4224 524 4278 hac
542 4239 570 4277 16
590 4217 1005 4294 1166616661661Μ661161661.
1025 4217 1082 4285 16.
1103 4214 1162 4268 182.
