3342 4920
301 344 366 408 624
771 342 971 396 Ambrosii

301 535 402 620 signis
425 538 547 600 terrena
575 533 787 617 spoponderit.
819 533 927 615 itaque
956 532 1191 598 consideremus
1216 553 1254 597 ne
1278 535 1357 599 forte
1380 555 1449 618 per·

300 643 415 706 lectam
434 641 672 706 beatitudinem
702 644 733 704 et
757 639 1063 718 consummationem
1086 641 1240 705 bonorum
1263 641 1448 707 meritomm

299 749 490 830 promiserit.
527 748 667 830 perlecta
704 746 786 811 enim
825 745 988 810 beatitudo
1022 765 1058 810 ex
1089 746 1193 811 tribus
1220 747 1293 812 istis
1321 749 1449 813 uidetur

301 856 485 933 subsistere,
515 855 654 936 corporis
679 857 773 935 atque
799 853 921 916 animae
946 856 978 916 ct
1001 853 1218 918 accidentibus
1242 854 1344 931 bonis,
1369 875 1448 936 quae
1512 864 1534 917 Ε

302 961 415 1026 Graeci
447 960 532 1033 ἐκτός
566 960 718 1039 dixerunt,
752 963 789 1024 ut
822 960 865 1023 sit
897 959 1036 1041 corporis
1072 960 1259 1024 castimonia
1295 961 1449 1044 patientia
1480 988 1492 1026 ⁵

300 1068 354 1132 uel
376 1068 594 1149 temperantia,
620 1067 663 1130 sit
686 1066 808 1132 animae
826 1065 995 1148 prudentia
1015 1069 1108 1147 atque
1126 1066 1261 1132 iustitia.
1284 1067 1448 1152 Aegyptus

300 1174 399 1257 igitur
431 1174 547 1237 flumen
580 1172 753 1257 corporalia
789 1173 917 1236 uidetur
953 1171 1138 1257 significare,
1175 1173 1259 1238 unde
1295 1177 1327 1238 et
1360 1173 1449 1240 Gcon
1488 1170 1491 1176 ’

302 1279 407 1343 dictus
439 1282 488 1344 est
519 1280 587 1362 ipse
620 1280 749 1356 fluuius,
783 1279 856 1360 quia
888 1279 927 1343 de
958 1281 1041 1343 terre
1072 1279 1228 1364 figuratus
1262 1284 1312 1345 est
1343 1281 1449 1360 home,

301 1386 478 1469 Euphrates
503 1390 610 1450 autem
635 1405 715 1469 quac
739 1389 814 1450 sunt
838 1385 970 1464 animae,
995 1405 1031 1450 eo
1057 1387 1142 1469 quod
1166 1388 1235 1452 tons
1261 1387 1304 1452 sit
1325 1388 1450 1452 iustitia

302 1495 477 1556 ceterarum
501 1493 669 1569 uirtutum,
694 1511 773 1574 quae
801 1491 938 1558 uirtutes
967 1492 1045 1556 alias
1072 1492 1250 1560 inluminet.
1283 1491 1495 1576 prudentiam

302 1598 385 1662 enim
416 1599 482 1664 sine
510 1599 635 1664 iustitie
662 1601 765 1676 nocet,
799 1599 953 1664 fortitudo
982 1618 1119 1682 quoque,
1148 1600 1210 1664 nisi
1234 1619 1303 1664 eam
1326 1600 1451 1664 iust'tia

301 1711 467 1788 temperet,
481 1706 691 1770 intolerabilis
704 1706 878 1792 insolentia
894 1710 944 1771 est
957 1705 1056 1771 furori
1072 1725 1166 1788 quam
1180 1707 1294 1772 rationi
1313 1707 1450 1788 propior,
1514 1715 1536 1769 F

302 1813 508 1879 dominationi
541 1833 636 1896 quem
668 1813 819 1888 libertati,
854 1813 1009 1878 sobrietas
1039 1817 1071 1878 et
1097 1813 1305 1896 temperantia
1327 1813 1452 1897 priuata

302 1921 384 1985 bona
412 1923 487 1984 sunt
517 1939 574 1986 uec
602 1920 661 1985 ulii
690 1920 774 1998 usui,
803 1920 865 1984 nisi
892 1920 978 1985 iusta
1007 1939 1081 2004 erga
1104 1901 1198 1984 deum
1221 1920 1396 1984 reuerentia
1420 1924 1452 1984 et

301 2026 388 2090 fideli
419 2030 525 2092 mente
556 2025 709 2108 pietatem
740 2027 841 2092 coles:
870 2026 996 2091 iustitia
1024 2027 1092 2092 sola
1120 2030 1178 2104 est,
1208 2047 1287 2109 quae
1314 2027 1450 2090 uirtutes
1470 2054 1497 2096 15

303 2152 410 2197 omnes
440 2132 652 2216 conplectitur
680 2136 711 2198 et
747 2133 934 2200 conmendat
967 2153 1085 2199 omncs.
1120 2134 1295 2198 accidentia
1327 2151 1451 2216 quoque

302 2241 378 2302 sunt
400 2239 631 2322 negotiationes
656 2243 689 2304 et
710 2243 906 2310 mercaturae
929 2241 982 2304 uel
1007 2240 1228 2324 agriculturae,
1253 2239 1452 2323 conpetentis

303 2349 454 2428 quaestus
482 2347 627 2410 laborum
656 2366 848 2430 opemmque
880 2347 1043 2414 mraiinm.
1077 2350 1151 2412 sunt
1183 2347 1279 2411 etiam
1313 2345 1450 2428 corporis

209 2438 213 2444 ’
303 2451 476 2516 accidentia
510 2452 680 2516 salubritas
714 2455 746 2516 et
777 2453 975 2517 conmodites
1003 2453 1199 2531 ualitudinis,
1229 2452 1336 2531 decus,
1364 2452 1450 2516 forti·
1495 2461 1584 2516 345A

250 2559 290 2622 69
301 2557 389 2635 tudo,
410 2577 489 2640 quae
513 2576 548 2621 er
571 2545 714 2641 tempore
738 2558 887 2622 accidunt
910 2561 942 2623 et
966 2578 1038 2623 cum
1062 2561 1165 2622 aetate
1188 2561 1363 2625 mutantur.
1388 2578 1449 2623 non
1469 2588 1496 2628 20

301 2663 491 2729 mediocrem
520 2665 600 2729 hanc
628 2665 786 2748 triplicem
815 2665 948 2749 gratiam
972 2668 1076 2748 putes.
1105 2665 1203 2746 habes
1228 2665 1310 2730 enim
1333 2665 1453 2748 perfec-

300 2770 420 2836 tionem
443 2772 617 2854 perfectam
640 2772 672 2835 in
697 2771 875 2855 euangelio.
899 2791 971 2835 nem
996 2791 1069 2836 cum
1092 2771 1171 2835 dicit
1194 2771 1339 2836 domiuus
1358 2773 1450 2836 lesus

300 2876 381 2960 legis
410 2877 511 2957 perito
539 2877 602 2942 illi:
637 2878 790 2962 diliges
824 2877 1026 2942 domiuum
1058 2881 1181 2955 tuum,
1211 2878 1332 2943 animae
1360 2877 1452 2942 insti-

302 2983 379 3046 tiam
411 2983 541 3048 mandat
568 2985 747 3048 tenendam.
781 2984 898 3049 etenim
927 2983 955 3048 si
982 2985 1128 3049 honorari
1155 2988 1300 3068 parentes
1327 2985 1450 3050 iustum

392 3157 408 3210 3
427 3155 509 3209 Arist.
530 3157 592 3211 Eth.
612 3157 673 3211 Nic.
691 3157 705 3211 Ι
724 3157 740 3210 8
761 3157 881 3223 (10981),
902 3159 945 3222 12)
965 3159 1042 3212 Diels
1062 3159 1129 3212 Dor.
1149 3158 1210 3222 570,
1231 3159 1265 3214 26
1333 3159 1350 3213 6
1368 3158 1449 3212 Philo

301 3243 412 3309 Quaest.
432 3244 474 3298 III
496 3247 529 3299 16
585 3247 600 3300 7
621 3245 687 3301 Gen.
708 3247 733 3311 2,
755 3246 787 3299 13
852 3247 867 3299 9
886 3246 965 3300 Philo
986 3246 1098 3312 Quaest.
1116 3245 1160 3299 III
1181 3247 1213 3301 16
1232 3247 1317 3316 Legg.
1337 3247 1417 3316 alleg.
1436 3247 1451 3300 I

301 3335 335 3388 23
356 3334 411 3404 (58,
432 3335 477 3398 16;
501 3333 577 3398 180,
598 3335 613 3388 6
636 3334 677 3404 O.)
701 3334 732 3388 de
753 3336 864 3388 somniis
883 3336 917 3389 39
936 3335 1009 3402 (692,
1028 3335 1087 3406 34);
1115 3335 1148 3389 cf.
1169 3333 1202 3387 de
1220 3335 1347 3404 paradiso
1371 3336 1395 3401 3,
1417 3335 1449 3389 18

301 3422 336 3476 23
354 3423 453 3475 Matth.
474 3423 516 3483 22,
537 3425 570 3477 37

339 3538 350 3589 1
368 3535 559 3607 sposponderit
574 3541 598 3604 (s
614 3537 664 3592 alt.
678 3537 759 3600 erae.)
773 3539 801 3590 P
853 3540 871 3591 4
885 3537 1073 3592 accidentibus
1088 3539 1107 3605 (i
1120 3555 1162 3606 pr.
1177 3554 1210 3592 ex
1225 3543 1250 3605 e)
1265 3538 1293 3591 P
1345 3541 1360 3592 5
1376 3536 1450 3597 ἐκτός

299 3627 398 3694 sampsi
416 3625 527 3680 θΟΤΟΤ
546 3625 573 3678 Ρ
592 3630 623 3691 (e.
642 3629 689 3680 m3
714 3627 803 3679 estete
828 3627 847 3682 i.
867 3644 891 3679 e.
910 3627 1031 3692 ‘exterat
1056 3625 1169 3681 ΒΟΤΟΤ
1188 3627 1220 3679 P
1239 3628 1270 3697 (s.
1289 3631 1332 3680 ml
1351 3627 1450 3698 estete)

302 3719 389 3769 estete
403 3723 460 3777 cet,
475 3715 510 3781 cf.
523 3714 608 3768 Philo
626 3715 735 3785 Quucet.
751 3715 856 3778 [1116
874 3717 1061 3769 ‘extemorum'
1076 3722 1101 3769 et
1114 3716 1242 3770 Boaitea't
1260 3715 1318 3769 iad.
1334 3717 1449 3770 Aristot.
1532 3707 1534 3710 ’

300 3820 363 3860 aa.
380 3802 454 3865 ἐκτός
509 3803 639 3872 detque]
660 3819 691 3856 ec
709 3802 771 3856 DN
842 3805 951 3873 aegypti
969 3804 1000 3857 D
1020 3805 1041 3870 (i
1059 3805 1090 3857 iu
1107 3805 1176 3870 rae.)
1196 3805 1229 3858 N
1281 3804 1359 3858 8est
1379 3808 1407 3876 et
1424 3806 1452 3858 P

302 3895 344 3944 est
361 3893 393 3945 ia
410 3907 467 3944 rae.
486 3894 534 3944 aad
552 3891 585 3944 N
685 3893 700 3945 9
721 3891 838 3946 eufrates
859 3893 924 3946 libri
1024 3893 1057 3947 10
1075 3893 1220 3946 inluminet
1240 3898 1265 3962 (e
1283 3893 1315 3946 ia
1332 3893 1400 3963 rus.)
1419 3895 1451 3947 N

303 3981 335 4034 12
354 3980 477 4049 proprior
491 3979 518 4032 P
536 3982 560 4043 (r
579 3979 629 4032 alt.
648 3983 730 4045 erae.)
748 3981 771 4034 0
825 3981 859 4036 14
877 3981 926 4034 ulli
942 3981 1013 4050 usui]
1029 3982 1102 4038 illius
1118 3982 1145 4034 ui
1159 3981 1282 4036 DNCM
1335 3983 1367 4036 15
1386 3981 1449 4035 fidei

301 4068 368 4121 ΝΜ
433 4069 468 4122 20
487 4065 613 4122 accidunt
632 4068 712 4136 (dunt
730 4085 763 4122 ea
782 4070 799 4122 d
817 4070 875 4138 md)
893 4069 921 4122 P
985 4069 1018 4123 21
1038 4069 1107 4122 hanc
1126 4074 1153 4137 (n
1172 4086 1194 4124 s.
1213 4075 1253 4136 a.)
1272 4070 1300 4123 P
1370 4087 1449 4139 pper-

300 4156 447 4209 t'ectioncm
468 4160 495 4224 (p
515 4159 595 4222 erue.)
620 4156 648 4208 P
700 4157 734 4210 23
764 4156 902 4210 dominum
926 4156 1003 4210 deum
1029 4161 1106 4211 tunm
1124 4158 1152 4212 P
1173 4157 1265 4228 (deum
1288 4174 1309 4212 e.
1328 4163 1367 4224 u.)
1393 4164 1449 4224 cet,

295 4244 365 4311 fort.
386 4249 456 4297 recte
509 4243 544 4297 24
562 4244 695 4298 honorare
713 4244 751 4298 Μ
