3342 4920
507 341 549 394 De
568 341 703 394 Abraham
722 341 750 395 Il
770 342 794 405 7,
814 342 857 396 37.
877 339 911 395 38
949 342 973 406 (Ι
992 341 1044 395 328
1063 340 1165 406 h-F).
1346 345 1410 409 593

259 554 332 599 oum
360 535 520 616 promittit
548 535 626 598 deus
656 535 805 600 daturum
830 555 864 599 se
886 535 1039 613 Abrahae,
1066 536 1141 618 quid
1165 537 1251 602 alind
1275 514 1412 602 declarat

258 641 320 706 nisi
353 642 489 723 sapienti
522 645 554 707 et
585 641 672 705 fideli
705 646 831 725 praesto
863 643 977 720 omnia,
1007 643 1118 708 deesse
1146 643 1246 708 nihil?
1275 643 1356 708 unde
1380 646 1412 707 et

260 747 409 813 Solomon
448 748 479 812 in
512 747 694 813 Prouerbiis
733 749 792 813 ait:
832 748 913 812 eius
952 748 1015 831 qui
1051 748 1183 813 fidelis
1221 748 1274 812 eit
1306 750 1410 813 totus

259 855 419 919 mundus
444 855 672 920 diuitiarum
692 859 760 920 eet.
784 858 899 937 quanto
919 856 1004 938 prior
1023 853 1172 920 Solomon
1192 874 1286 936 quam
1305 855 1410 920 Zenon

227 963 440 1029 5310100111111
468 963 622 1047 magister
650 966 744 1046 atquo
773 966 884 1028 anoton
912 966 1017 1028 seotee
1040 962 1157 1045 ipsius!
1183 964 1300 1044 quanto
1324 961 1454 1044 priore

259 1089 354 1152 quam
385 1069 454 1153 ipse
486 1073 576 1152 pater
603 1069 823 1153 philosophiae
846 1071 938 1134 Plato
966 1070 1020 1133 uel
1048 1069 1116 1134 eins
1144 1068 1289 1133 inuentor
1312 1067 1410 1134 nomi-

258 1177 307 1241 nis
344 1177 555 1260 Pythagoras!
595 1177 666 1259 quis
704 1179 810 1241 autem
849 1176 951 1242 tidelis
986 1176 1050 1240 nisi
1081 1176 1228 1258 sapiens?
1262 1175 1409 1239 stultns

259 1283 342 1346 enim
367 1283 468 1347 siout
499 1283 587 1348 luna
614 1283 846 1361 immutatur,
872 1283 997 1367 sapiens
1022 1285 1128 1347 autem
1151 1282 1324 1346 immobilis
1348 1281 1409 1346 lide

258 1394 431 1471 permanet.

169 1497 245 1562 3810
306 1495 368 1562 Sed
403 1496 483 1561 forte
523 1497 623 1562 dieas:
663 1497 820 1580 quomodo
859 1497 1010 1579 sapientis
1048 1499 1136 1561 totus
1168 1496 1307 1560 mundus
1339 1497 1409 1558 est?

259 1603 406 1685 quoniam
440 1604 509 1686 ipsa
542 1607 655 1668 natura
687 1604 741 1668 dut
771 1603 820 1667 illi
849 1607 968 1668 sortem
996 1603 1148 1681 omnium,
1177 1602 1303 1667 etiamsi
1330 1600 1410 1665 nihil

258 1709 327 1792 ipse
345 1709 517 1792 possideat.
542 1709 667 1773 domina
687 1711 736 1772 est
754 1709 837 1772 enim
858 1710 890 1772 et
907 1727 1074 1791 possessor
1088 1708 1229 1773 omnium
1245 1705 1408 1788 sapientia,

259 1835 338 1897 quae
367 1835 424 1880 sua
452 1819 544 1897 putet
570 1819 700 1879 naturae
730 1834 869 1892 munera,
899 1814 1046 1897 quoniam
1069 1814 1101 1878 in
1124 1833 1220 1878 usum
1242 1811 1452 1877 hominumn

260 1922 333 1986 data
370 1925 454 1999 sunt,
493 1940 549 1985 neo
586 1921 663 1986 ullis
700 1920 830 2004 indiget,
855 1919 980 1985 etiamsi
1018 1919 1123 1984 desint
1155 1919 1183 1983 ei
1216 1919 1255 1983 ad
1284 1917 1408 1981 uictum

215 2049 240 2088 1⁵
258 2029 444 2093 necessaria.
477 2047 612 2110 namquo
640 2031 677 2092 ut
704 2027 847 2092 musicus
876 2045 993 2110 organa
1020 2029 1075 2090 aut
1103 2025 1245 2090 medicus
1272 2023 1408 2088 medioa-

258 2136 366 2198 menta
392 2136 448 2199 aut
475 2153 639 2218 naupegus
669 2152 749 2216 quae
777 2132 816 2198 ed
845 2132 935 2197 nauis
962 2134 1209 2198 instrumentum
1232 2129 1408 2195 necessaria

259 2243 343 2317 sunt,
374 2240 500 2304 etiamsi
527 2240 652 2322 qnando
680 2259 742 2304 non
770 2240 894 2320 habeat,
926 2239 1022 2304 habet
1047 2243 1153 2304 tamen
1182 2257 1217 2303 eo
1245 2237 1315 2320 ipso
1345 2254 1406 2318 quo

258 2346 362 2430 possit
388 2346 437 2411 his
466 2347 524 2424 uti,
553 2346 680 2410 etiamsi
708 2346 748 2410 ad
774 2349 902 2428 tempus
925 2365 1003 2412 usus
1029 2365 1136 2410 eorum
1159 2365 1221 2410 non
1245 2345 1406 2426 suppetat:

259 2455 376 2535 quanto
402 2453 505 2535 magis
530 2452 654 2536 sapiens
678 2472 773 2516 suum
796 2452 917 2516 iudicat
940 2452 1093 2536 quidquid
1115 2454 1245 2516 naturae
1270 2453 1328 2527 est,
1354 2448 1408 2532 qui

105 2546 111 2555 ’
215 2584 241 2624 ao
259 2560 344 2628 uiuit
376 2560 549 2624 seeundum
581 2561 740 2624 naturam!
774 2579 835 2624 non
870 2559 953 2625 enim
986 2560 1105 2624 amittit
1136 2559 1187 2622 ius
1221 2576 1315 2621 snum
1353 2554 1407 2637 qui

259 2665 404 2729 meminit
423 2685 457 2729 se
472 2666 510 2729 ad
524 2665 696 2749 imaginem
713 2665 763 2729 dei
776 2665 897 2730 faotum
914 2667 946 2730 et
961 2665 999 2730 ad
1014 2665 1157 2728 homines
1173 2682 1191 2726 e
1206 2661 1332 2726 domino
1349 2659 1406 2724 deo

214 2796 216 2800 ·
260 2773 396 2837 dietum:
418 2772 580 2837 oresoite
601 2774 637 2836 et
654 2772 979 2854 multiplicamini,
1000 2774 1035 2836 et
1054 2771 1198 2853 replete
1217 2772 1355 2832 terram
1372 2771 1407 2828 et

259 2878 504 2943 dominamini
527 2877 563 2942 in
587 2897 676 2957 eam,
701 2881 737 2942 et
759 2878 942 2961 imperate
966 2877 1138 2960 piscibus
1158 2876 1270 2940 maris
1292 2876 1327 2936 et
1346 2889 1406 2936 uo-

347 3096 363 3148 3
382 3093 509 3147 Prouerb.
531 3094 573 3157 17,
594 3093 609 3146 6
683 3094 698 3147 6
719 3091 774 3148 cic.
795 3090 862 3162 disp.
883 3093 961 3145 Tusa.
981 3091 1004 3144 V
1021 3091 1053 3144 10
1127 3092 1141 3143 7
1163 3089 1212 3144 Sir.
1229 3091 1271 3153 27,
1293 3091 1323 3142 11
1346 3090 1404 3154 (12)

257 3184 293 3237 20
312 3183 394 3252 Diog.
413 3183 505 3240 Laeni.
523 3183 577 3236 Vll
597 3184 621 3246 1,
640 3183 675 3236 87
730 3183 765 3234 22
784 3180 851 3235 Gen.
872 3183 896 3244 1,
916 3181 950 3234 28

296 3357 463 3427 ipromisit
481 3356 604 3411 DNOM
673 3357 746 3424 3sq.
767 3355 887 3408 salomon
908 3354 972 3408 libri
1043 3351 1248 3407 ‹idiuitierum
1267 3353 1330 3422 (del.
1351 3356 1402 3418 ool)
1493 3373 1500 3386 =

258 3445 417 3500 diuitiarum
435 3446 463 3498 P
534 3448 575 3498 est
594 3461 644 3498 om.
664 3445 726 3499 DN
778 3444 970 3497 tistoioorum
990 3444 1010 3508 (ὶ
1025 3459 1069 3510 pr.
1090 3445 1171 3508 eras.)
1190 3443 1219 3495 P
1278 3441 1404 3510 lphita·

259 3552 338 3604 goras
358 3535 475 3588 szr
492 3537 637 3604 pytagoras
655 3533 738 3586 Pha
746 3531 800 3586 Bo
816 3533 956 3602 pitagorae
971 3532 1032 3586 DN
1092 3530 1108 3583 8
1128 3534 1249 3584 mutatur
1266 3530 1291 3583 Τ
1358 3546 1403 3582 au·

257 3629 313 3676 tem
332 3639 384 3678 orla.
407 3622 432 3675 T
487 3623 519 3678 10
539 3623 669 3693 sapientis
683 3622 712 3675 P
730 3622 763 3688 (ti
781 3637 802 3676 a.
821 3622 860 3692 a.)
875 3621 939 3674 ΒΜ
956 3621 1091 3690 sapientes
1109 3621 1134 3673 Τ
1150 3619 1258 3689 sapiens
1276 3617 1299 3672 0
1316 3618 1405 3687 sapies

257 3713 287 3766 D
301 3717 327 3767 et
341 3714 399 3777 (m2
414 3711 538 3780 sapietis)
553 3712 585 3764 N
638 3713 680 3764 est
695 3726 746 3764 om.
760 3709 851 3773 DNC,
867 3716 931 3764 ante
944 3713 1019 3764 totus
1033 3710 1191 3777 transponit
1204 3708 1242 3761 M
1295 3707 1325 3761 11
1346 3709 1404 3776 ipse

256 3801 326 3854 nihil
343 3799 466 3854 DNCM
520 3797 853 3852 monimentum
904 3797 1094 3868 possestrixT
1146 3795 1280 3866 sapientia
1300 3796 1404 3865 (sapien

256 3891 287 3943 ia
305 3889 374 3959 ros.)
393 3890 421 3942 P
494 3891 526 3944 13
545 3892 626 3959 putat
643 3888 685 3952 M,
700 3889 771 3956 fort.
789 3895 860 3942 recte
932 3906 982 3942 usu
1004 3888 1030 3942 Τ
1083 3885 1407 3941 14u11us0uliiusM

291 3978 431 4046 indigetur
450 3978 514 4032 DN
599 3977 670 4031 desit
689 3978 741 4032 PC
763 3976 853 4030 desint
875 3976 906 4031 T*
931 3983 955 4032 et
978 3977 1006 4047 (n
1025 3993 1046 4030 s.
1065 3978 1104 4043 a.)
1124 3976 1154 4030 D
1228 3976 1260 4029 15
1289 3991 1404 4043 namque

256 4084 277 4122 a.
297 4083 324 4121 eo.
343 4070 390 4120 1112
408 4067 436 4119 P
507 4067 624 4120 musicus
643 4070 674 4120 ut
693 4067 756 4120 DN
819 4068 851 4120 16
870 4083 1011 4137 naupegus
1030 4065 1146 4119 PmlT
1162 4064 1304 4118 nauclerus
1322 4063 1405 4116 Pma

256 4162 306 4211 oet.
379 4159 443 4210 sunt
461 4156 655 4209 neeessariaB
709 4156 742 4208 21
763 4155 899 4210 stomT
952 4156 986 4209 23
1006 4155 1099 4208 inom.
1118 4153 1176 4206 OM
1245 4152 1404 4206 uolatilibus

257 4245 286 4310 (b
307 4261 339 4298 ex
359 4262 387 4309 u)
407 4245 435 4298 P
