3322 4914
291 331 476 394 XXXXllII
758 328 876 382 Praef
883 328 939 382 ati
952 346 975 382 o.

293 543 363 588 esse
387 541 423 588 eo
449 524 692 600 demonstratur,
719 523 803 606 quod
826 523 858 586 in
880 525 908 587 A
933 523 1029 588 uerba
1052 526 1206 605 quaedam
1230 527 1380 610 leguntur
1405 527 1438 590 in

293 629 321 693 ll
340 631 392 695 uel
412 633 496 695 certe
516 629 598 694 CGP
618 631 747 706 omissa,
767 630 869 695 ueluti
893 631 946 708 31,
969 631 1008 694 13
1027 632 1225 711 propositum
1246 639 1332 696 tuum
1350 634 1440 698 AVN

286 739 485 818 propositum
509 735 601 810 CGP,
626 738 679 814 34,
700 739 740 800 21
765 743 794 800 et
817 741 884 800 erat
903 735 962 800 AN
986 743 1054 800 erat
1077 734 1116 812 Π,
1142 739 1195 814 38,
1215 741 1236 803 4
1258 739 1440 818 factumest

291 863 383 906 urauc
401 842 459 906 AN
478 863 570 904 moue
588 838 628 918 Π,
647 843 700 919 38,
721 844 763 905 20
781 843 817 906 iu
835 842 935 922 specie
952 841 1008 908 AN
1028 845 1129 922 specie
1147 841 1187 920 Π,
1208 845 1260 922 33,
1284 847 1323 908 12
1342 865 1440 908 unam

292 952 319 1014 A
346 948 503 1012 1111aN¹B
529 967 590 1012 0111.
614 947 643 1012 Π
668 951 727 1012 cet.
762 949 896 1031 donique
925 949 984 1014 hos
1012 949 1162 1032 inspicias
1190 950 1290 1026 13333,
1322 949 1438 1033 quibus

291 1057 323 1119 in
351 1057 521 1120 uerborum
550 1055 657 1120 ordine
686 1055 713 1119 A
742 1059 774 1120 et
802 1051 830 1115 ll
859 1057 912 1120 uel
940 1055 1022 1121 GGP
1047 1056 1235 1138 discrepant,
1258 1057 1304 1120 ita
1333 1060 1438 1121 tamen

291 1167 329 1224 ut
345 1162 375 1225 A
394 1161 587 1244 superiorem
613 1171 683 1225 esse
706 1163 827 1242 pateat:
853 1163 905 1240 30,
926 1163 945 1223 5
965 1160 1227 1224 dinemo-reienses
1245 1159 1440 1224 133333133-

292 1268 352 1330 33333
379 1267 467 1354 AVN
498 1267 569 1330 dinc
600 1266 756 1329 arctemini
787 1266 859 1328 lriuc
890 1266 1057 1328 uaurlionr's
1090 1265 1181 1343 CGP,
1216 1267 1269 1343 38,
1291 1268 1308 1330 7
1331 1269 1439 1347 primo

293 1371 375 1456 quod
396 1372 454 1435 AN
482 1371 564 1455 quod
582 1371 688 1452 primo
712 1370 751 1448 Π,
780 1371 833 1444 38,
859 1371 877 1434 8
902 1370 984 1432 diem
1007 1370 1104 1433 lucem
1126 1371 1214 1435 AVN
1238 1369 1334 1436 lucem
1357 1373 1440 1436 diem

293 1476 332 1555 Π,
366 1478 422 1542 sed
454 1497 643 1560 quamquam
677 1477 773 1540 lucem
804 1477 887 1540 diem
920 1478 1094 1560 scripturae
1130 1497 1235 1542 sacrae
1268 1479 1372 1543 uerbis
1404 1481 1438 1542 τὸ

293 1594 356 1671 φῶς
382 1580 499 1669 ἡμέραν
527 1584 775 1661 commendatur,
805 1603 985 1667 germanam
1015 1603 1085 1648 esse
1113 1583 1186 1648 libri
1213 1587 1241 1648 A
1268 1586 1439 1651 lectionem

294 1690 419 1754 duobus
444 1691 534 1769 locis,
560 1692 675 1769 37,14
700 1695 732 1754 et
752 1691 804 1765 39,
825 1693 855 1768 2,
881 1689 1040 1753 docemur.
1064 1690 1170 1770 itaque
1195 1689 1248 1767 37,
1274 1691 1293 1754 6
1317 1697 1440 1754 tautum

291 1797 353 1861 sibi
373 1797 462 1862 AVN
494 1797 567 1880 (ribi
598 1803 720 1861 tantum
748 1797 843 1880 CGP)
871 1796 1008 1878 recipere
1037 1813 1097 1862 non
1126 1796 1272 1860 dubitaui
1298 1798 1439 1879 itemque

293 1906 346 1979 40,
374 1906 414 1967 14
437 1907 543 1968 sarelo
565 1903 682 1983 spirito
704 1903 754 1967 As
778 1904 908 1985 (spirito
929 1908 1037 1966 condo
1060 1901 1090 1966 Π
1114 1903 1199 1988 cet),
1223 1903 1255 1967 in
1283 1923 1344 1986 qua
1371 1923 1439 1968 uer-

293 2011 405 2074 borum
439 2010 657 2074 coniunctione
690 2009 788 2074 libros
817 2011 880 2074 fere
910 2028 1032 2092 semper
1059 2010 1213 2074 fluctuare
1240 2013 1351 2074 notum
1379 2013 1438 2075 est.

293 2116 343 2180 his
366 2117 466 2200 igitur
490 2116 641 2196 expositis
666 2116 789 2198 siquis
815 2117 944 2198 quaerat
971 2136 1047 2180 num
1070 2117 1101 2180 in
1125 2117 1152 2180 A
1177 2115 1329 2198 quaedam
1359 2136 1438 2199 quae

292 2223 324 2286 in
349 2223 462 2286 ceteris
487 2240 547 2285 non
573 2217 678 2286 extent
702 2223 875 2304 scripturae
903 2224 1002 2287 bonae
1030 2223 1241 2304 inueniantur,
1265 2221 1438 2304 respondeo

292 2347 410 2410 paucas
433 2331 558 2392 tantum
580 2328 732 2394 lectiones
756 2334 919 2411 tamquam
942 2331 1084 2413 propn'as
1110 2334 1141 2394 et
1163 2329 1339 2412 peculiares
1362 2329 1439 2393 huic

291 2435 372 2497 libro
406 2433 560 2498 uindicari
591 2453 686 2516 posse
720 2454 835 2518 easque
865 2455 939 2498 sane
968 2434 1117 2511 leuiores,
1146 2435 1251 2498 ueluti
1278 2436 1331 2513 32,
1355 2437 1375 2498 5
1403 2436 1439 2497 1'11

292 2539 460 2604 saeuitiam
480 2539 528 2626 (1'11
548 2561 609 2607 om,
630 2540 716 2626 cet),
737 2541 774 2605 de
795 2542 886 2607 cuius
907 2541 1081 2624 scripturae
1100 2541 1281 2625 integritate
1300 2541 1439 2605 dubitari

293 2666 353 2711 non
372 2651 488 2731 potest,
508 2651 560 2728 35,
580 2652 599 2712 2
617 2648 864 2731 fundamentum
882 2649 1104 2730 (fundamento
1123 2647 1208 2734 oet),
1229 2650 1282 2727 41,
1298 2652 1317 2712 5
1337 2649 1439 2712 saucii

97 2820 100 2834 ,
202 2825 204 2830 ,
293 2775 410 2834 quoque
432 2753 565 2834 spiritus
587 2755 733 2837 (spiritus
756 2776 873 2839 quoque
895 2757 998 2818 eoacti
1022 2754 1108 2842 cet).

337 2863 405 2925 lam
431 2862 572 2926 uidimus
600 2862 717 2926 librum
740 2865 778 2940 A,
808 2882 998 2945 quamquam
1026 2864 1213 2945 plerumque
1241 2882 1313 2926 cum
1338 2861 1439 2926 classe

294 2965 322 3030 Π
342 2967 509 3045 consentit,
530 2971 635 3031 tamen
655 2987 691 3032 ea
711 2968 871 3050 aliquanto
891 2970 1055 3034 meliorem
1075 2987 1158 3044 esse;
1184 2967 1337 3050 quaedam
1357 2968 1439 3031 enim

294 3073 410 3154 quibus
440 3071 495 3136 illa
517 3071 682 3154 inquinata
706 3077 755 3138 est
777 3075 858 3139 uitia
880 3076 912 3139 in
935 3076 963 3139 A
986 3094 1046 3138 uon
1072 3074 1355 3157 deprehenduntur.
1387 3073 1438 3136 de-

293 3179 363 3242 inde
388 3177 669 3244 animaduertimus
693 3180 952 3245 Aurelianensem
979 3181 1105 3262 saepius
1131 3201 1202 3245 cum
1227 3181 1357 3245 alterius
1386 3199 1440 3263 ge-

293 3285 376 3349 neris
404 3284 493 3349 libris
522 3285 624 3351 facere
653 3291 745 3370 atque
775 3288 834 3352 etsi
862 3307 930 3352 raro
959 3289 1137 3370 peculiares
1166 3287 1319 3369 quasdam
1343 3287 1439 3370 scrip-

293 3395 381 3456 turas
415 3411 494 3473 quae
526 3394 580 3456 aut
608 3395 760 3476 genuinae
790 3395 854 3460 sint
882 3399 937 3458 aut
966 3397 1050 3459 certe
1079 3413 1148 3459 3333
1171 3395 1294 3476 possint
1317 3393 1437 3459 offerre.

294 3497 407 3580 quodsi
435 3499 466 3562 in
497 3503 567 3564 octo
596 3515 674 3581 quae
704 3501 794 3565 nobis
823 3504 994 3584 supersunt
1016 3501 1100 3565 foliis
1124 3519 1280 3583 perpauca
1303 3500 1371 3563 eius
1394 3499 1439 3562 rei

294 3604 436 3687 exempla
453 3605 667 3684 inueniuntur,
684 3610 869 3690 reputemus
890 3611 1015 3690 oportet
1033 3608 1175 3692 exiguam
1195 3610 1319 3670 tantum
1338 3605 1438 3670 totius

294 3711 395 3794 operis
419 3714 542 3793 partem
565 3713 649 3778 foliis
674 3714 740 3778 illis
761 3715 922 3779 contineri.
948 3733 1028 3796 quae
1048 3734 1120 3778 cum
1139 3714 1184 3777 ita
1203 3714 1276 3790 sint,
1297 3712 1438 3777 codicem

293 3821 320 3884 A
344 3820 538 3902 singularem
560 3821 644 3885 inter
667 3823 786 3886 classes
811 3821 840 3884 ll
865 3826 896 3885 et
918 3823 948 3886 N
971 3823 1077 3886 locum
1102 3821 1242 3886 obtinere
1265 3819 1345 3883 mihi
1371 3837 1439 3900 per-

294 3927 390 3991 suasi.
429 3947 501 3990 nam
528 3930 556 3992 A
586 3947 621 3991 ex
650 3928 915 3992 contaminatione
944 3931 1049 3992 ortum
1082 3947 1151 3992 esse
1184 3926 1347 4010 probabile
1377 3943 1437 3989 non

293 4034 430 4110 uidetur,
454 4034 550 4098 immo
580 4035 785 4098 statuendum
814 4039 863 4098 est
891 4054 963 4098 eum
988 4053 1023 4098 ex
1047 4035 1116 4118 ipso
1141 4034 1310 4117 archetypo
1334 4049 1438 4096 mana·

293 4140 379 4204 uisse
404 4144 497 4222 atque
521 4137 611 4221 quasi
635 4141 805 4222 imaginem
828 4141 895 4204 eius
917 4141 955 4205 ad
974 4161 1086 4205 uerum
1107 4141 1263 4222 depictam
1283 4139 1438 4203 exhibere.

293 4248 399 4329 itaque
427 4247 562 4310 maxima
590 4245 658 4309 eius
687 4249 775 4328 parte
799 4246 961 4329 deperdita
984 4248 1073 4311 nobis
1097 4247 1318 4310 firmissimum
1343 4245 1438 4327 scrip-
